3352 5276
432 473 492 534 152
542 468 637 571 Gap.
659 469 694 544 1.
747 467 809 545 De
834 471 920 546 iure
944 493 1106 545 causaue
1135 470 1398 557 Quinctianae.

272 671 410 781 ,Tssss'iw
364 661 525 727 noronte
548 664 582 730 et
603 662 714 746 capite
735 664 868 749 utatur,
896 660 939 727 ad
962 677 1100 745 eamque
1122 678 1325 728 communem
1347 679 1489 727 normam

271 785 352 836 „emor
429 785 503 848 tota
525 781 691 872 dirigatur
701 775 748 861 ¹⁹)

493 929 588 1014 Quae
611 933 741 1017 quidem
763 938 801 997 ut
817 934 885 997 sint
900 930 1091 1016 uerissima,
1113 933 1393 1016 praecipuamque
1408 950 1492 998 con-

429 1057 560 1120 tineant
587 1057 622 1119 et
650 1055 746 1139 quasi
775 1052 974 1118 ordinariam
1002 1053 1169 1118 tribunicii
1195 1053 1309 1117 auxilli
1331 1052 1492 1119 aduersus

430 1176 604 1241 Praetoris
625 1175 882 1242 iurisdictionem
898 1173 1065 1263 dirigendi
1079 1176 1257 1261 rationem,
1279 1175 1367 1239 ultro
1383 1179 1493 1240 tamen

431 1297 629 1382 concedam,
660 1299 830 1381 aliquanto
852 1297 954 1361 latius
975 1300 1093 1380 patere
1115 1297 1149 1360 in
1170 1294 1399 1362 iurisdictione
1420 1315 1495 1361 mo-

433 1417 580 1484 deranda
612 1418 818 1483 tribunorum
850 1418 1143 1503 intercessionem,
1180 1418 1243 1483 nec
1275 1420 1379 1483 totam
1413 1419 1496 1503 ipsis

431 1541 513 1606 luris
544 1540 651 1605 ciuilis
684 1538 818 1623 linibus,
855 1538 974 1624 quibus
1005 1537 1150 1604 Praetor
1181 1539 1215 1603 in
1246 1536 1317 1605 iure
1351 1537 1496 1605 dicendo

431 1661 554 1746 utitur,
576 1660 813 1727 circumscribi.

494 1778 582 1863 Quid
604 1800 687 1871 ergo
709 1773 791 1847 esti
811 1780 901 1847 Puto
923 1782 1077 1848 tribunos
1091 1782 1199 1868 piebis
1213 1781 1409 1869 aliquando,
1432 1800 1499 1848 nec

429 1902 567 1968 libidine
589 1904 712 1988 solum,
745 1902 815 1968 sed
835 1920 879 1968 ex
905 1921 987 1969 uera
1017 1906 1199 1989 potestatis
1223 1923 1304 1970 suae
1326 1902 1440 1969 indole
1464 1907 1500 1969 et

432 2028 572 2112 natura,
596 2027 694 2091 etiam
716 2023 881 2091 aduersus
901 2028 997 2091 tusto
1018 2024 1193 2091 Praetoris
1214 2024 1352 2092 decreta
1373 2026 1502 2111 appel-

432 2147 581 2212 lantibus
602 2149 650 2211 lta
671 2147 827 2213 auxillum
850 2147 984 2233 tulisse,
1005 2149 1043 2211 ut
1060 2149 1132 2212 lure
1154 2148 1242 2213 ciuili
1265 2165 1306 2213 ac
1323 2147 1501 2233 praetorio

433 2272 646 2357 aequitatem
661 2270 823 2352 potiorem
838 2268 1019 2353 haberent,
1034 2288 1143 2356 neque
1158 2271 1247 2335 intra
1261 2268 1357 2336 illiers
1372 2272 1502 2359 cepeoi-

432 2396 520 2458 totts
541 2392 701 2455 terminos
721 2408 759 2455 se
780 2392 1007 2475 continerent,
1030 2410 1115 2477 quae
1136 2396 1175 2458 ta
1196 2410 1411 2458 commanem
1434 2411 1504 2456 ro-

432 2517 562 2578 ttouem
597 2530 767 2578 corrueras
802 2513 835 2576 ln
872 2513 943 2578 iure
979 2531 1110 2599 quoque
1148 2511 1292 2580 dicendo
1326 2514 1503 2600 spectari,

433 2635 609 2720 quinetiam
631 2633 800 2718 partibus,
828 2652 872 2698 ex
894 2635 1013 2719 quibus
1035 2635 1087 2698 ius
1107 2637 1260 2720 constat,
1286 2633 1507 2700 adnumerari

431 2757 519 2821 solet
530 2748 584 2838 20),
607 2773 719 2819 uerum
742 2756 835 2839 quasi
857 2756 958 2821 altius
974 2757 1063 2821 elata
1079 2761 1188 2822 mente
1204 2757 1369 2842 publicam
1384 2775 1506 2841 quan-

432 2875 506 2942 dam
519 2876 724 2960 priuatamue
736 2876 922 2963 utilitatem,
934 2880 993 2941 aut
1004 2879 1210 2966 singulorum
1223 2879 1410 2963 eorum,qui
1420 2880 1508 2943 liti-

431 3003 564 3088 garent,
574 3000 798 3065 necessitates
810 3017 971 3081 moresue,
987 2997 1130 3086 denique
1145 2999 1304 3065 eiusmodi
1316 3000 1431 3064 uarias
1445 3019 1509 3064 res
1537 3008 1540 3013 “

432 3120 736 3206 amplecterentur,
768 3138 905 3204 quarum
931 3122 1093 3186 rationem
1120 3120 1245 3187 babere
1274 3120 1508 3207 effectumque

468 3348 517 3416 12)
534 3352 603 3403 lucio
621 3351 666 3414 ill,
685 3358 714 3403 ui
731 3365 773 3404 rra
788 3352 935 3414 tuebatur,
995 3353 1217 3418 «interpositam.
1243 3355 1280 3405 lia
1293 3367 1376 3418 saepe
1389 3354 1511 3405 diuersa

433 3454 517 3505 qaum
536 3442 607 3491 inter
625 3448 715 3505 parles
733 3441 812 3503 illas,
831 3443 937 3506 exqui-
993 3448 1093 3504 «suot,
1121 3443 1244 3493 utaliurl
1264 3442 1311 3492 alii
1330 3444 1429 3504 iudici,
1458 3448 1513 3492 aut

432 3526 483 3580 bus
502 3529 544 3580 ios
568 3535 695 3607 constal,
723 3536 936 3591 enumerantur,
994 3532 1148 3596 «praetori,
1174 3537 1220 3583 aut
1239 3531 1361 3588 consuli,
1386 3536 1436 3583 aut
1458 3532 1514 3582 tri·

432 3632 488 3669 uon
514 3604 687 3669 Praetoribus
710 3618 799 3669 solnm
817 3633 881 3668 cum
898 3619 938 3668 iu*
994 3620 1085 3670 «iuno
1101 3620 1185 3683 plebia
1198 3620 1327 3685 placitum
1341 3620 1392 3673 sit:
1411 3625 1443 3670 et
1465 3618 1513 3677 fir,

432 3707 550 3768 (itatius,
577 3707 625 3758 secl
650 3708 732 3758 etiam
750 3707 868 3756 tribunis
882 3707 938 3770 ple·
994 3714 1044 3759 «ul
1056 3709 1090 3760 cle
1102 3709 1238 3761 eademre
1250 3721 1332 3772 saepe
1343 3707 1414 3758 alius
1424 3708 1516 3758 aliud

434 3794 473 3845 bia
502 3796 674 3846 tribuanturz
705 3795 742 3845 uit
769 3795 938 3845 Herennium
994 3797 1172 3848 «decreuerit
1189 3802 1235 3847 aut
1259 3797 1401 3857 iudicarit,
1428 3796 1516 3860 quod

433 3882 477 3943 ΙΙ,
497 3881 540 3933 13.
587 3882 720 3934 «Constat
745 3878 810 3947 (lua)
837 3897 869 3934 ex
894 3884 937 3934 blo
994 3899 1125 3949 egenus»
1147 3887 1197 3936 rol.
1216 3884 1296 3937 Comi.
1315 3886 1349 3935 de
1365 3885 1516 3934 quentio·

435 3972 594 4036 apartibus:
614 3977 720 4032 natura,
733 3971 804 4035 lege,
823 3986 938 4023 consae·
994 3987 1048 4025 «ae
1066 3973 1108 4036 11,
1126 3974 1171 4024 22.
1190 3974 1234 4025 ot,
1255 3974 1323 4038 Top·
1342 3987 1367 4024 e.
1386 3973 1414 4024 5.

434 4061 560 4119 «tudine,
575 4062 702 4123 iudicato,
713 4073 802 4125 aequo
814 4068 841 4112 et
853 4062 936 4122 bono,
1029 4059 1076 4125 20)
1096 4061 1174 4113 Comi.
1194 4061 1282 4125 Toptc.
1302 4075 1327 4112 c.
1346 4061 1374 4112 5.
1393 4061 1434 4110 ud
1456 4060 1519 4112 He·

435 4155 547 4213 spacio·
583 4150 684 4202 Natura
699 4150 739 4199 ias
753 4150 938 4200 cot....la·
994 4163 1071 4200 roan.
1103 4150 1146 4211 li,
1181 4148 1223 4200 13.
1254 4151 1286 4201 dr
1316 4146 1421 4201 inurat·
1464 4151 1519 4209 11,

434 4240 575 4289 «dicatam
600 4245 639 4289 eoi
666 4239 709 4297 id,
742 4239 853 4300 dequo
878 4251 938 4286 sea·
994 4240 1037 4288 22.
1058 4240 1103 4289 st.
1128 4264 1160 4275 -
1188 4240 1216 4288 1..
1238 4239 1263 4288 1.
1284 4252 1325 4302 pr.
1346 4235 1376 4301 b.
1397 4238 1424 4288 1.
1472 4238 1520 4288 lio

435 4328 540 4378 alenlia
573 4327 626 4378 lala
656 4332 697 4376 est
727 4331 772 4376 aui
800 4327 938 4376 decretum
996 4328 1018 4378 Ι.
1039 4333 1065 4377 ei
1083 4328 1105 4377 Ι.
