3352 5276
428 505 488 568 110
528 501 627 606 Cup.
656 505 692 578 1.
745 501 807 577 De
832 505 930 578 iura
945 524 1106 577 ouoooue
1136 498 1399 587 Quinctianae.

310 708 391 747 omini·-
425 692 525 776 Quod
547 715 645 780 quum
667 693 751 759 fueit
772 693 906 779 Cicero,
928 692 1153 781 testimonium
1173 692 1325 778 praebet,
1347 694 1496 757 nostram

426 817 515 881 iliam
537 816 848 901 interpretationem
870 831 979 898 neque
1008 812 1189 879 inauditam
1219 832 1312 898 esse,
1343 831 1453 899 neque
1474 831 1495 878 a

426 937 653 1003 Romanorum
668 935 779 1002 indole
795 937 895 1021 piane
910 936 1071 1022 alienam,
1090 933 1179 1020 quod
1193 953 1368 1021 perperam
1380 934 1496 1001 faeere

426 1077 501 1125 eum
522 1059 701 1145 confiteor,
735 1077 803 1123 non
825 1061 942 1124 noeet:
977 1075 1041 1122 nee
1063 1058 1150 1121 enim
1171 1076 1293 1123 nouum
1315 1058 1385 1143 est,
1409 1074 1495 1142 quae

426 1181 591 1246 sermonis
618 1200 682 1246 usu
710 1182 886 1267 constant,
927 1177 971 1245 ad
998 1178 1158 1244 Infinitum
1190 1176 1280 1242 haud
1306 1196 1383 1243 esse
1410 1196 1495 1262 pro-

425 1295 654 1389 trahenda29),
689 1320 798 1387 neque
827 1302 1033 1367 conueniens
1066 1317 1160 1387 esse,
1197 1301 1291 1365 uerbi
1324 1297 1495 1365 cuiusdam

427 1427 683 1509 proprietatem,
718 1442 781 1488 usu
810 1424 999 1508 receptam,
1034 1440 1075 1487 ae
1104 1422 1187 1486 iuris
1215 1438 1346 1507 quoque
1371 1422 1494 1485 rationi

427 1547 686 1612 consentaneam
708 1535 839 1629 (qualis
861 1547 914 1615 est
936 1562 1032 1629 quam
1054 1560 1158 1628 supra
1172 1533 1494 1623 demonstrauimus]

425 1666 513 1732 adeo
534 1684 658 1755 urgere
679 1668 781 1750 atque
803 1682 876 1730 oum
899 1641 1093 1750 captatione
1118 1663 1259 1750 quadam
1281 1663 1494 1748 amplificare,

425 1791 463 1852 ut
485 1789 520 1852 et
541 1787 686 1852 serm'oni
708 1788 873 1853 consueto
895 1786 949 1851 uis
970 1786 1137 1851 inferatur
1164 1789 1199 1852 ei
1226 1786 1402 1853 uerborum
1432 1803 1494 1853 ca-

425 1909 598 1975 uillatione
619 1907 707 1973 falsa
727 1908 810 1973 iuria
831 1908 919 1973 ratio
937 1907 1133 1997 effingatur.

488 2075 549 2146 Sic
581 2081 703 2169 igitur,
739 2082 777 2173 ut
809 2076 853 2144 ad
885 2080 1094 2164 propositum
1122 2077 1276 2168 redeam,
1312 2078 1394 2144 nihil
1415 2068 1494 2144 mihi

427 2202 565 2267 obstare
585 2199 739 2287 uidetur,
769 2203 944 2286 quominus
965 2202 1064 2267 eiiam
1087 2200 1172 2289 iupis
1199 2200 1314 2267 Iuitoe
1335 2199 1494 2287 supradi-

426 2325 491 2390 ctis
512 2322 627 2388 uerbis
661 2326 829 2409 «mutuate
855 2323 945 2388 borao
977 2340 1024 2387 ex
1052 2321 1182 2388 Edicto
1212 2328 1303 2413 etur,
1338 2328 1397 2411 qut
1423 2326 1493 2388 iuri
1525 2302 1528 2307 ¹

420 2422 603 2510 'adimendo
624 2441 799 2532 praefati,
820 2441 1035 2531 praefuerit,
1067 2463 1229 2531 porsessa
1249 2447 1494 2532 proscriptam

373 2602 375 2607 ·
427 2571 553 2653 «soret,
578 2571 725 2656 οντων,
758 2568 919 2652 temporis
939 2564 1022 2631 iliud
1043 2566 1187 2651 spatium
1211 2568 1315 2633 tacite
1337 2583 1493 2651 eompre-

422 2687 562 2754 hensum
585 2706 661 2753 esse
683 2704 889 2753 oenaeamua

489 2806 588 2891 Quod
610 2828 709 2895 quum
729 2811 871 2894 propter
891 2810 1055 2874 rationem
1081 2812 1183 2875 autea
1210 2782 1400 2895 expositam
1429 2811 1492 2874 iam

424 2949 486 3017 per
513 2948 552 2996 se
583 2932 707 2996 nuliam
735 2928 860 2995 habeat
889 2928 1123 3016 offensionem,
1157 2934 1288 3018 neseio,
1320 2949 1365 2996 an
1394 2932 1492 2997 etiam

423 3054 577 3118 oonaulto
600 3052 649 3115 in'
667 3071 709 3116 eu
734 3052 813 3141 lege
840 3053 912 3116 siue
941 3055 1090 3137 triptota
1119 3052 1254 3119 dierum
1280 3054 1353 3117 siue
1384 3051 1493 3138 quod-

424 3190 555 3257 eunque
577 3175 738 3257 temporis
762 3174 906 3258 spatium
935 3177 1031 3237 certo
1062 3172 1199 3238 dierum
1228 3192 1371 3239 enumero
1403 3172 1491 3260 fini-

421 3299 495 3360 tum
519 3269 707 3381 omittatur,
718 3294 889 3379 peculiari
903 3292 1051 3358 fortasse
1066 3272 1268 3379 roratione,
1290 3292 1380 3379 quod
1394 3293 1492 3359 huius

419 3417 509 3506 legis
531 3417 630 3481 latori
652 3434 761 3502 neque
783 3416 973 3482 eonstiterit
994 3433 1104 3501 neque
1130 3416 1356 3482 neeessariam
1383 3418 1490 3481 uisum

420 3539 542 3625 fuerit,
577 3556 640 3623 per
669 3539 779 3603 omnia
811 3538 931 3603 Italiae
966 3537 1145 3621 municipia
1177 3538 1339 3623 similique
1375 3535 1491 3603 ordine

422 3659 546 3746 oppida
569 3661 603 3724 in
634 3660 785 3727 omuibus
812 3658 943 3725 Edictis
970 3659 1241 3748 magistratuum,
1273 3660 1329 3744 qui
1350 3659 1413 3723 iuri
1435 3656 1490 3721 di-

456 3963 503 4027 29)
517 3964 663 4028 Propterea
673 3964 741 4014 nihil
750 3961 844 4024 offleii,
855 3963 927 4026 quod
985 3963 1129 4026 dicuutur,
1159 3964 1244 4014 ueluti
1267 3964 1295 4014 iu
1317 3964 1347 4013 L.
1367 3964 1393 4014 6.
1413 3959 1442 4026 §-
1461 3962 1488 4013 ’1.

423 4055 451 4104 in
463 4053 580 4103 alierum
593 4066 685 4117 rerum
699 4054 758 4102 iura
772 4051 928 4105 definiendo
985 4052 1060 4115 Quae
1079 4054 1107 4102 iu
1126 4051 1196 4103 irau.
1216 4053 1290 4103 cred.
1306 4050 1384 4103 Coui.
1399 4053 1431 4102 L.
1444 4052 1489 4102 10.

422 4142 504 4192 eiiam
524 4142 615 4190 atatim
634 4147 695 4204 poet
710 4141 869 4190 missionem
882 4141 928 4190 bo·
984 4137 1013 4203 δ.
1034 4140 1078 4190 16.
1098 4142 1160 4191 eod.

422 4242 457 4279 ua
475 4234 502 4279 ei
521 4229 654 4292 possideri
672 4235 699 4281 oi
721 4241 846 4293 possessa
869 4242 928 4279 esse
