3352 5276
196 531 233 608 9.
252 521 289 591 7.
318 516 386 590 A&
399 517 463 627 Q·
482 518 671 592 absentem
692 526 795 592 recte
813 515 1023 615 defenderit
1039 539 1165 591 necne.
1201 518 1261 579 147

196 712 266 795 set3
303 727 411 793 neque
444 725 520 772 esse
552 706 642 771 istud
673 706 842 772 indictum
871 711 968 796 pati,
1002 724 1076 772 eum
1104 708 1261 772 auxilium
1279 712 1418 822 fiam

196 831 315 917 aliquis
337 848 357 894 a
379 830 521 894 tribunis
543 819 698 913 petat¹⁰t
1279 827 1362 879 nuni-

260 948 567 1061 QuemHortcnsii
596 978 704 1042 iocum
734 996 831 1061 quum
861 976 946 1043 adeo
978 982 1191 1044 contemnere
1222 997 1260 1043 sc

195 1100 353 1185 nihilique
376 1098 499 1165 docere
521 1098 651 1165 Tullius
677 1100 794 1163 noster
822 1101 970 1180 simulet,
999 1102 1038 1164 ut
1065 1101 1164 1166 etiam
1186 1099 1260 1165 dis-

194 1222 282 1287 trahi
304 1240 342 1286 sc
371 1222 585 1306 profiteatur,
615 1224 683 1284 tum
715 1221 783 1284 tale
806 1219 901 1307 quid,
930 1240 994 1307 qua
1016 1220 1194 1306 prudentia
1215 1213 1260 1286 sit

194 1343 416 1426 Hortensius,
439 1342 602 1429 dicturum
625 1343 701 1406 esso
716 1362 784 1406 non
799 1344 969 1424 arbitrari,
991 1347 1059 1408 tum
1075 1342 1154 1427 quid
1168 1343 1258 1408 aliud

195 1467 307 1534 dicere
329 1470 456 1552 possit,
488 1485 556 1530 non
578 1467 727 1549 reperire
739 1457 795 1550 ¹¹);
828 1463 978 1549 equidem
1001 1484 1140 1552 censeo,
1166 1466 1260 1531 Hor-

195 1592 294 1683 tensii
316 1587 399 1653 iilud
421 1592 670 1674 argumentum,
690 1590 727 1650 ut
749 1586 907 1679 infirmius
929 1586 1047 1673 inerit,
1070 1591 1180 1669 tamen
1196 1606 1260 1652 ne-

194 1729 259 1795 que
280 1708 459 1775 absurdum
481 1716 598 1792 neque
616 1709 765 1792 ineptum
789 1707 1004 1790 ridiculumuc
1021 1708 1140 1774 fuisse.
1234 1796 1237 1801 Ι

258 1831 330 1896 Nec
353 1830 488 1895 difficile
510 1832 594 1915 crit,
617 1848 730 1893 ueram
753 1832 825 1895 eius
839 1831 904 1893 uim
919 1832 1163 1919 genuinamque
1178 1849 1261 1895 sen-

197 1955 335 2016 tentiam
364 1953 573 2036 perspicere,
602 1950 776 2016 dummodo
804 1952 1015 2037 reputaueris
1040 1970 1125 2038 quae
1147 1953 1259 2036 paullo

195 2078 297 2138 antea
318 2074 361 2139 de
383 2075 550 2139 tribunicii
571 2074 686 2138 auxilii
708 2078 829 2138 natura
855 2073 1025 2158 disputata
1052 2077 1153 2159 atque
1182 2073 1259 2140 inde

195 2180 470 2285 ad‘propositam
489 2198 634 2280 speciem
657 2195 809 2261 deriuata
831 2200 926 2283 suni,
960 2200 1134 2285 quomagis
1155 2180 1272 2262 intel-³

195 2319 376 2406 ligeretur,
412 2319 616 2382 tribunorum
653 2319 832 2398 auxilium,
869 2336 1086 2403 quaecunque
1122 2318 1257 2403 petendi

194 2438 322 2503 Alfeno
344 2458 464 2504 caussa
486 2439 604 2520 fuerit,
626 2441 659 2502 ui
683 2438 813 2523 quidem
835 2439 1038 2525 effectuque,
1061 2441 1115 2523 qui
1137 2458 1258 2523 spero·

196 2560 311 2644 batur,
343 2560 441 2623 aliam
470 2577 540 2622 rem
568 2561 690 2623 nullam
721 2562 784 2623 nisi
811 2561 1057 2642 possessionem
1082 2561 1256 2639 bonorum,

145 2704 146 2707 ¹
195 2679 323 2745 Naeuio
345 2700 366 2745 a
387 2680 551 2746 Praetore
574 2682 766 2764 permissam
785 2682 819 2745 et
835 2682 1078 2768 conseruatam,
1101 2686 1257 2764 spectare

196 2804 357 2886 potuisse.

259 2922 356 3006 Quod
379 2925 433 3009 qui
455 2925 561 3009 probe
583 2927 746 3008 tenuerit,
768 2922 832 2989 hoc
855 2941 979 3008 quaeso
1004 2924 1145 3008 amplius
1172 2942 1257 2990 eon-

195 3046 344 3112 siderare
365 3048 465 3111 uelit:
687 3040 690 3045 ⁴

259 3197 318 3262 Ius
339 3199 388 3261 ita
409 3169 625 3262 constitutum
648 3194 729 3284 fuit,
761 3200 798 3263 ut
818 3198 849 3261 is
870 3195 1016 3285 demum,
1051 3198 1105 3282 qui
1127 3195 1256 3263 abacti·

195 3322 266 3384 tem
287 3318 416 3384 indicto
438 3316 657 3407 defenderet,
686 3319 774 3383 bona
797 3321 885 3401 eius,
918 3336 960 3383 ne
983 3318 1253 3403 possiderentur,

194 3441 337 3506 liberare
359 3444 459 3525 atquc
480 3442 634 3507 euincere
656 3445 771 3524 posset
784 3433 829 3518 12).
872 3442 942 3505 Iam
964 3438 1152 3525 uideamus,
1177 3439 1255 3525 quid

196 3564 241 3627 sit
261 3564 391 3629 indicto
414 3560 609 3646 defendere.

256 3684 415 3749 Nimirum
445 3683 488 3748 ad
518 3702 590 3748 eam
616 3702 684 3748 rem
716 3701 783 3747 non
810 3678 936 3749 ‘suffieit
964 3687 1002 3748 tn
1030 3686 1086 3748 tus
1114 3662 1254 3770 nescire,

231 3929 276 3997 10)
300 3947 324 3983 c.
345 3934 388 3984 20.
407 3945 441 3986 n·
454 3933 507 3984 Hie
524 3940 563 3987 te,
592 3935 697 3996 inquit,
754 3947 812 3983 enm
829 3930 903 3997 (seii.
925 3947 976 3996 ego
995 3933 1138 3996 contendi)
1160 3937 1184 3986 st
1207 3938 1256 3985 tri·

196 4027 270 4072 teneo
288 4021 355 4082 rei,
383 4036 453 4085 quae
479 4023 542 4073 uide
566 4036 647 4087 supra
668 4037 695 4086 p.
754 4023 837 4072 bunos
860 4024 1014 4084 appellarit,
1044 4020 1145 4074 idcireo
1163 4026 1255 4074 minuo

196 4110 259 4160 128.
280 4132 309 4144 -
334 4109 439 4159 ibidem
462 4111 590 4163 inferius:
621 4113 697 4162 cuius
751 4111 956 4181 socieiumpott
969 4117 1101 4173 paratum
1117 4111 1206 4174 funes.

192 4203 354 4259 procurator
380 4211 399 4247 α
423 4200 550 4248 Proetore
578 4200 698 4250 tribunos
788 4197 833 4263 11)
852 4200 918 4249 Vide
935 4213 961 4249 c.
980 4201 1024 4250 20.

195 4285 329 4347 appellare
347 4278 430 4334 ausus
448 4289 496 4340 sit,
516 4301 573 4337 eum
584 4290 696 4338 nonde·
788 4285 832 4351 12)
852 4286 930 4338 Cous.
956 4302 1037 4351 supra
1061 4286 1090 4351 5.
1110 4288 1136 4339 3.
1163 4303 1189 4352 p.
1208 4288 1253 4339 72.

195 4373 285 4436 tendi,
309 4375 360 4424 rel.
384 4399 412 4410 -
442 4373 475 4423 Et
498 4387 522 4424 e.
547 4375 590 4425 28.
612 4388 696 4438 neque
752 4383 778 4428 et
795 4374 824 4439 δ.
843 4377 870 4426 2.
894 4391 920 4440 p.
941 4377 984 4427 50.
