<?xml version="1.0" encoding="UTF-8"?>
<!DOCTYPE html PUBLIC "-//W3C//DTD XHTML 1.0 Transitional//EN"
    "http://www.w3.org/TR/xhtml1/DTD/xhtml1-transitional.dtd">
<html xmlns="http://www.w3.org/1999/xhtml" xml:lang="en" lang="en">
 <head>
  <title>
</title>
<meta http-equiv="Content-Type" content="text/html;charset=utf-8" />
  <meta name='ocr-system' content='tesseract 3.04.00' />
  <meta name='ocr-capabilities' content='ocr_page ocr_carea ocr_par ocr_line ocrx_word'/>
</head>
<body>
  <div class='ocr_page' id='page_1' title='image "./semestriumadmtu01kellgoog_0154.png"; bbox 0 0 3352 5276; ppageno 0'>
   <div class='ocr_carea' id='block_1_1' title="bbox 207 508 1267 610">
    <p class='ocr_par' dir='ltr' id='par_1_1' title="bbox 207 508 1267 610">
     <span class='ocr_line' id='line_1_1' title="bbox 207 508 1267 610; baseline 0 -25"><span class='ocrx_word' id='word_1_1' title='bbox 207 525 244 602; x_wconf 71' lang='lat' dir='ltr'>s.</span> <span class='ocrx_word' id='word_1_2' title='bbox 261 514 299 584; x_wconf 86' lang='lat'>7.</span> <span class='ocrx_word' id='word_1_3' title='bbox 326 510 386 585; x_wconf 86' lang='lat' dir='ltr'>A·.</span> <span class='ocrx_word' id='word_1_4' title='bbox 409 508 474 598; x_wconf 70' lang='grc' dir='ltr'>θ’.</span> <span class='ocrx_word' id='word_1_5' title='bbox 493 512 683 585; x_wconf 75' lang='lat' dir='ltr'>absentem</span> <span class='ocrx_word' id='word_1_6' title='bbox 698 519 801 586; x_wconf 80' lang='lat' dir='ltr'>recte</span> <span class='ocrx_word' id='word_1_7' title='bbox 818 510 1029 610; x_wconf 74' lang='lat' dir='ltr'>defenderit</span> <span class='ocrx_word' id='word_1_8' title='bbox 1044 535 1170 587; x_wconf 77' lang='lat' dir='ltr'>accae</span> <span class='ocrx_word' id='word_1_9' title='bbox 1206 513 1267 576; x_wconf 77' lang='lat'>1³5</span> 
     </span>
    </p>
   </div>
   <div class='ocr_carea' id='block_1_2' title="bbox 204 699 1437 2370">
    <p class='ocr_par' dir='ltr' id='par_1_2' title="bbox 204 699 1437 1981">
     <span class='ocr_line' id='line_1_2' title="bbox 208 699 1437 823; baseline -0.001 -57"><span class='ocrx_word' id='word_1_10' title='bbox 208 705 294 768; x_wconf 88' lang='lat' dir='ltr'>istae</span> <span class='ocrx_word' id='word_1_11' title='bbox 315 702 490 767; x_wconf 88' lang='lat' dir='ltr'>uerborum</span> <span class='ocrx_word' id='word_1_12' title='bbox 513 700 707 785; x_wconf 78' lang='lat' dir='ltr'>illecebrae,</span> <span class='ocrx_word' id='word_1_13' title='bbox 743 702 863 787; x_wconf 87' lang='lat' dir='ltr'>quibus</span> <span class='ocrx_word' id='word_1_14' title='bbox 882 701 1063 767; x_wconf 86' lang='lat' dir='ltr'>secundum</span> <span class='ocrx_word' id='word_1_15' title='bbox 1085 699 1267 767; x_wconf 77' lang='lat' dir='ltr'>Censorem</span> <span class='ocrx_word' id='word_1_16' title='bbox 1288 711 1437 823; x_wconf 46' lang='lat' dir='ltr'>afflui&amp;</span> 
     </span>
     <span class='ocr_line' id='line_1_3' title="bbox 208 818 1335 908; baseline -0.001 -20"><span class='ocrx_word' id='word_1_17' title='bbox 208 844 301 889; x_wconf 89' lang='lat' dir='ltr'>sunm</span> <span class='ocrx_word' id='word_1_18' title='bbox 323 821 474 889; x_wconf 73' lang='lat' dir='ltr'>Bechires</span> <span class='ocrx_word' id='word_1_19' title='bbox 495 824 617 908; x_wconf 85' lang='lat' dir='ltr'>aliique</span> <span class='ocrx_word' id='word_1_20' title='bbox 638 823 731 887; x_wconf 90' lang='lat' dir='ltr'>mulli</span> <span class='ocrx_word' id='word_1_21' title='bbox 752 821 795 888; x_wconf 93' lang='lat' dir='ltr'>ad</span> <span class='ocrx_word' id='word_1_22' title='bbox 820 818 1015 889; x_wconf 83' lang='lat' dir='ltr'>Hotomnnt</span> <span class='ocrx_word' id='word_1_23' title='bbox 1041 825 1267 890; x_wconf 88' lang='lat' dir='ltr'>coniecturam</span> <span class='ocrx_word' id='word_1_24' title='bbox 1287 826 1335 869; x_wconf 66' lang='lat'>⁰²1⁰·</span> 
     </span>
     <span class='ocr_line' id='line_1_4' title="bbox 208 941 1306 1041; baseline -0.001 -31"><span class='ocrx_word' id='word_1_25' title='bbox 208 944 352 1010; x_wconf 89' lang='lat' dir='ltr'>traducti</span> <span class='ocrx_word' id='word_1_26' title='bbox 374 948 463 1009; x_wconf 90' lang='lat' dir='ltr'>sunt.</span> <span class='ocrx_word' id='word_1_27' title='bbox 507 941 728 1039; x_wconf 74' lang='lat' dir='ltr'>Quamquam,</span> <span class='ocrx_word' id='word_1_28' title='bbox 755 946 794 1008; x_wconf 91' lang='lat' dir='ltr'>ut</span> <span class='ocrx_word' id='word_1_29' title='bbox 815 962 929 1008; x_wconf 88' lang='lat' dir='ltr'>nerum</span> <span class='ocrx_word' id='word_1_30' title='bbox 951 944 1079 1029; x_wconf 83' lang='lat' dir='ltr'>fatear,</span> <span class='ocrx_word' id='word_1_31' title='bbox 1108 963 1159 1010; x_wconf 90' lang='lat' dir='ltr'>me</span> <span class='ocrx_word' id='word_1_32' title='bbox 1181 963 1268 1029; x_wconf 89' lang='lat' dir='ltr'>qno-</span> <span class='ocrx_word' id='word_1_33' title='bbox 1297 984 1306 1041; x_wconf 86' lang='lat'>&#39;.</span> 
     </span>
     <span class='ocr_line' id='line_1_5' title="bbox 208 1064 1305 1157; baseline -0.002 -27"><span class='ocrx_word' id='word_1_34' title='bbox 208 1085 272 1152; x_wconf 88' lang='lat' dir='ltr'>que</span> <span class='ocrx_word' id='word_1_35' title='bbox 294 1069 399 1151; x_wconf 88' lang='lat' dir='ltr'>prima</span> <span class='ocrx_word' id='word_1_36' title='bbox 420 1065 507 1133; x_wconf 84' lang='lat' dir='ltr'>facie</span> <span class='ocrx_word' id='word_1_37' title='bbox 529 1064 711 1132; x_wconf 89' lang='lat' dir='ltr'>delectauit</span> <span class='ocrx_word' id='word_1_38' title='bbox 735 1065 952 1131; x_wconf 88' lang='lat' dir='ltr'>membrorum</span> <span class='ocrx_word' id='word_1_39' title='bbox 979 1066 1054 1147; x_wconf 91' lang='lat' dir='ltr'>illa,</span> <span class='ocrx_word' id='word_1_40' title='bbox 1089 1084 1185 1157; x_wconf 86' lang='lat' dir='ltr'>quam</span> <span class='ocrx_word' id='word_1_41' title='bbox 1213 1064 1268 1129; x_wconf 87' lang='lat' dir='ltr'>di·</span> <span class='ocrx_word' id='word_1_42' title='bbox 1299 1088 1305 1129; x_wconf 73' lang='lat' dir='ltr'><strong><em>J</em></strong></span> 
     </span>
     <span class='ocr_line' id='line_1_6' title="bbox 208 1172 1300 1275; baseline -0.005 -21"><span class='ocrx_word' id='word_1_43' title='bbox 208 1191 302 1272; x_wconf 91' lang='lat' dir='ltr'>cunt,</span> <span class='ocrx_word' id='word_1_44' title='bbox 338 1188 563 1275; x_wconf 78' lang='lat' dir='ltr'><strong>concinnitas,</strong></span> <span class='ocrx_word' id='word_1_45' title='bbox 594 1205 636 1254; x_wconf 90' lang='lat' dir='ltr'>ac</span> <span class='ocrx_word' id='word_1_46' title='bbox 671 1187 847 1273; x_wconf 88' lang='lat' dir='ltr'>praeclare</span> <span class='ocrx_word' id='word_1_47' title='bbox 880 1190 975 1253; x_wconf 90' lang='lat' dir='ltr'>uisae</span> <span class='ocrx_word' id='word_1_48' title='bbox 1010 1190 1089 1252; x_wconf 87' lang='lat' dir='ltr'>sunt</span> <span class='ocrx_word' id='word_1_49' title='bbox 1124 1188 1268 1251; x_wconf 85' lang='lat' dir='ltr'>sermoni</span> <span class='ocrx_word' id='word_1_50' title='bbox 1297 1172 1300 1199; x_wconf 82' lang='lat'><strong>¹</strong></span> 
     </span>
     <span class='ocr_line' id='line_1_7' title="bbox 207 1300 1267 1393; baseline -0.006 -18"><span class='ocrx_word' id='word_1_51' title='bbox 207 1311 376 1375; x_wconf 89' lang='lat' dir='ltr'>concitato</span> <span class='ocrx_word' id='word_1_52' title='bbox 399 1312 434 1373; x_wconf 87' lang='lat' dir='ltr'>et</span> <span class='ocrx_word' id='word_1_53' title='bbox 455 1307 645 1374; x_wconf 86' lang='lat' dir='ltr'>uehementi</span> <span class='ocrx_word' id='word_1_54' title='bbox 667 1309 848 1374; x_wconf 87' lang='lat' dir='ltr'>conuenire</span> <span class='ocrx_word' id='word_1_55' title='bbox 869 1310 991 1374; x_wconf 86' lang='lat' dir='ltr'>breues</span> <span class='ocrx_word' id='word_1_56' title='bbox 1012 1300 1090 1373; x_wconf 89' lang='lat' dir='ltr'>illae</span> <span class='ocrx_word' id='word_1_57' title='bbox 1112 1312 1146 1373; x_wconf 86' lang='lat' dir='ltr'>ct</span> <span class='ocrx_word' id='word_1_58' title='bbox 1172 1308 1267 1393; x_wconf 85' lang='lat' dir='ltr'>quasi</span> 
     </span>
     <span class='ocr_line' id='line_1_8' title="bbox 205 1429 1267 1519; baseline -0.005 -22"><span class='ocrx_word' id='word_1_59' title='bbox 205 1433 369 1515; x_wconf 80' lang='lat' dir='ltr'>abruptae</span> <span class='ocrx_word' id='word_1_60' title='bbox 384 1431 591 1516; x_wconf 89' lang='lat' dir='ltr'>sententiae,</span> <span class='ocrx_word' id='word_1_61' title='bbox 608 1430 763 1518; x_wconf 73' lang='lat' dir='ltr'>singulae</span> <span class='ocrx_word' id='word_1_62' title='bbox 775 1448 839 1495; x_wconf 88' lang='lat' dir='ltr'>sua</span> <span class='ocrx_word' id='word_1_63' title='bbox 854 1449 1005 1515; x_wconf 86' lang='lat' dir='ltr'>quaeque</span> <span class='ocrx_word' id='word_1_64' title='bbox 1019 1433 1087 1495; x_wconf 87' lang='lat' dir='ltr'>tum</span> <span class='ocrx_word' id='word_1_65' title='bbox 1102 1429 1267 1519; x_wconf 88' lang='lat' dir='ltr'>arguendi</span> 
     </span>
     <span class='ocr_line' id='line_1_9' title="bbox 205 1540 1298 1669; baseline -0.001 -53"><span class='ocrx_word' id='word_1_66' title='bbox 205 1555 273 1617; x_wconf 87' lang='lat' dir='ltr'>inm</span> <span class='ocrx_word' id='word_1_67' title='bbox 294 1550 521 1640; x_wconf 88' lang='lat' dir='ltr'>redarguendi</span> <span class='ocrx_word' id='word_1_68' title='bbox 548 1551 581 1615; x_wconf 92' lang='lat' dir='ltr'>nl</span> <span class='ocrx_word' id='word_1_69' title='bbox 610 1568 652 1617; x_wconf 89' lang='lat' dir='ltr'>ac</span> <span class='ocrx_word' id='word_1_70' title='bbox 681 1553 850 1634; x_wconf 82' lang='lat' dir='ltr'>potestate</span> <span class='ocrx_word' id='word_1_71' title='bbox 879 1540 1069 1635; x_wconf 70' lang='lat' dir='ltr'>praeditae,</span> <span class='ocrx_word' id='word_1_72' title='bbox 1101 1552 1268 1635; x_wconf 82' lang='lat' dir='ltr'>simplices</span> <span class='ocrx_word' id='word_1_73' title='bbox 1287 1623 1298 1669; x_wconf 44' lang='grc' dir='ltr'>Γ</span> 
     </span>
     <span class='ocr_line' id='line_1_10' title="bbox 206 1670 1267 1761; baseline -0.006 -23"><span class='ocrx_word' id='word_1_74' title='bbox 206 1693 337 1756; x_wconf 77' lang='lat' dir='ltr'>omnies,</span> <span class='ocrx_word' id='word_1_75' title='bbox 359 1675 565 1757; x_wconf 89' lang='lat' dir='ltr'>compositae</span> <span class='ocrx_word' id='word_1_76' title='bbox 586 1673 716 1761; x_wconf 85' lang='lat' dir='ltr'>nullae,</span> <span class='ocrx_word' id='word_1_77' title='bbox 737 1672 969 1737; x_wconf 81' lang='lat' dir='ltr'>altercationis</span> <span class='ocrx_word' id='word_1_78' title='bbox 983 1670 1080 1737; x_wconf 90' lang='lat' dir='ltr'>modo</span> <span class='ocrx_word' id='word_1_79' title='bbox 1095 1676 1130 1736; x_wconf 88' lang='lat' dir='ltr'>el</span> <span class='ocrx_word' id='word_1_80' title='bbox 1143 1673 1267 1756; x_wconf 86' lang='lat' dir='ltr'>impetu</span> 
     </span>
     <span class='ocr_line' id='line_1_11' title="bbox 204 1780 1286 1879; baseline 0.001 -22"><span class='ocrx_word' id='word_1_81' title='bbox 204 1796 345 1860; x_wconf 89' lang='lat' dir='ltr'>inuicem</span> <span class='ocrx_word' id='word_1_82' title='bbox 367 1811 443 1859; x_wconf 87' lang='lat' dir='ltr'>sese</span> <span class='ocrx_word' id='word_1_83' title='bbox 466 1795 693 1879; x_wconf 86' lang='lat' dir='ltr'>excipientes,</span> <span class='ocrx_word' id='word_1_84' title='bbox 720 1793 828 1858; x_wconf 88' lang='lat' dir='ltr'>altera</span> <span class='ocrx_word' id='word_1_85' title='bbox 857 1811 901 1858; x_wconf 90' lang='lat' dir='ltr'>ex</span> <span class='ocrx_word' id='word_1_86' title='bbox 928 1794 1035 1858; x_wconf 88' lang='lat' dir='ltr'>altera</span> <span class='ocrx_word' id='word_1_87' title='bbox 1056 1795 1161 1858; x_wconf 85' lang='lat' dir='ltr'>ueluti</span> <span class='ocrx_word' id='word_1_88' title='bbox 1184 1780 1286 1878; x_wconf 64' lang='lat' dir='ltr'>pro-,f</span> 
     </span>
     <span class='ocr_line' id='line_1_12' title="bbox 205 1918 366 1981; baseline -0.012 0"><span class='ocrx_word' id='word_1_89' title='bbox 205 1918 366 1981; x_wconf 85' lang='lat' dir='ltr'>silientcs.</span> 
     </span>
    </p>

    <p class='ocr_par' dir='ltr' id='par_1_3' title="bbox 204 2035 1268 2370">
     <span class='ocr_line' id='line_1_13' title="bbox 267 2035 1267 2124; baseline 0.002 -22"><span class='ocrx_word' id='word_1_90' title='bbox 267 2038 503 2103; x_wconf 88' lang='lat' dir='ltr'>Verumtamen</span> <span class='ocrx_word' id='word_1_91' title='bbox 524 2037 741 2104; x_wconf 89' lang='lat' dir='ltr'>membrorum</span> <span class='ocrx_word' id='word_1_92' title='bbox 759 2035 1009 2121; x_wconf 85' lang='lat' dir='ltr'>dispositionem</span> <span class='ocrx_word' id='word_1_93' title='bbox 1026 2038 1267 2124; x_wconf 88' lang='lat' dir='ltr'>uerborumque</span> 
     </span>
     <span class='ocr_line' id='line_1_14' title="bbox 205 2158 1268 2243; baseline -0.002 -17"><span class='ocrx_word' id='word_1_94' title='bbox 205 2159 463 2226; x_wconf 85' lang='lat' dir='ltr'>concinnitatem</span> <span class='ocrx_word' id='word_1_95' title='bbox 484 2160 533 2224; x_wconf 90' lang='lat' dir='ltr'>ita</span> <span class='ocrx_word' id='word_1_96' title='bbox 551 2158 757 2225; x_wconf 86' lang='lat' dir='ltr'>considerari</span> <span class='ocrx_word' id='word_1_97' title='bbox 772 2160 947 2243; x_wconf 89' lang='lat' dir='ltr'>conuenit,</span> <span class='ocrx_word' id='word_1_98' title='bbox 969 2163 1007 2224; x_wconf 92' lang='lat' dir='ltr'>nt</span> <span class='ocrx_word' id='word_1_99' title='bbox 1021 2178 1064 2225; x_wconf 89' lang='lat' dir='ltr'>ne</span> <span class='ocrx_word' id='word_1_100' title='bbox 1078 2177 1160 2224; x_wconf 87' lang='lat' dir='ltr'>uera</span> <span class='ocrx_word' id='word_1_101' title='bbox 1176 2179 1268 2224; x_wconf 86' lang='lat' dir='ltr'>mens</span> 
     </span>
     <span class='ocr_line' id='line_1_15' title="bbox 204 2264 1267 2370; baseline 0.001 -25"><span class='ocrx_word' id='word_1_102' title='bbox 204 2279 347 2347; x_wconf 90' lang='lat' dir='ltr'>dicentis</span> <span class='ocrx_word' id='word_1_103' title='bbox 378 2299 542 2348; x_wconf 86' lang='lat' dir='ltr'>sensusne</span> <span class='ocrx_word' id='word_1_104' title='bbox 574 2264 777 2347; x_wconf 78' lang='lat' dir='ltr'>necessitas</span> <span class='ocrx_word' id='word_1_105' title='bbox 796 2281 1001 2370; x_wconf 77' lang='lat' dir='ltr'>negligatur.</span> <span class='ocrx_word' id='word_1_106' title='bbox 1060 2278 1134 2363; x_wconf 78' lang='lat' dir='ltr'>Qua</span> <span class='ocrx_word' id='word_1_107' title='bbox 1170 2287 1267 2365; x_wconf 89' lang='lat' dir='ltr'>parte</span> 
     </span>
    </p>
   </div>
   <div class='ocr_carea' id='block_1_3' title="bbox 203 2394 1267 2488">
    <p class='ocr_par' dir='ltr' id='par_1_4' title="bbox 203 2394 1267 2488">
     <span class='ocr_line' id='line_1_16' title="bbox 203 2394 1267 2488; baseline 0.003 -22"><span class='ocrx_word' id='word_1_108' title='bbox 203 2423 300 2488; x_wconf 86' lang='lat' dir='ltr'>quum</span> <span class='ocrx_word' id='word_1_109' title='bbox 333 2406 368 2467; x_wconf 90' lang='lat' dir='ltr'>et</span> <span class='ocrx_word' id='word_1_110' title='bbox 397 2404 579 2468; x_wconf 88' lang='lat' dir='ltr'>communis</span> <span class='ocrx_word' id='word_1_111' title='bbox 606 2404 694 2467; x_wconf 90' lang='lat' dir='ltr'>ratio</span> <span class='ocrx_word' id='word_1_112' title='bbox 721 2402 804 2465; x_wconf 73' lang='lat' dir='ltr'>iurIs</span> <span class='ocrx_word' id='word_1_113' title='bbox 815 2394 853 2478; x_wconf 67' lang='lat'>4¹³)</span> <span class='ocrx_word' id='word_1_114' title='bbox 882 2404 917 2466; x_wconf 92' lang='lat' dir='ltr'>et</span> <span class='ocrx_word' id='word_1_115' title='bbox 946 2419 1105 2484; x_wconf 86' lang='lat' dir='ltr'>caussae,</span> <span class='ocrx_word' id='word_1_116' title='bbox 1140 2404 1175 2467; x_wconf 91' lang='lat' dir='ltr'>in</span> <span class='ocrx_word' id='word_1_117' title='bbox 1201 2423 1267 2488; x_wconf 88' lang='lat' dir='ltr'>qua</span> 
     </span>
    </p>
   </div>
   <div class='ocr_carea' id='block_1_4' title="bbox 200 2677 710 4247">
    <p class='ocr_par' dir='ltr' id='par_1_5' title="bbox 200 2677 710 4247">
     <span class='ocr_line' id='line_1_17' title="bbox 237 2677 708 2742; baseline 0.002 -14"><span class='ocrx_word' id='word_1_118' title='bbox 237 2677 284 2742; x_wconf 79' lang='lat' dir='ltr'>te)</span> <span class='ocrx_word' id='word_1_119' title='bbox 307 2680 366 2729; x_wconf 89' lang='lat' dir='ltr'>lam</span> <span class='ocrx_word' id='word_1_120' title='bbox 390 2679 539 2742; x_wconf 85' lang='lat' dir='ltr'>perspectis</span> <span class='ocrx_word' id='word_1_121' title='bbox 562 2680 639 2730; x_wconf 71' lang='lat' dir='ltr'>vunde</span> <span class='ocrx_word' id='word_1_122' title='bbox 667 2680 708 2730; x_wconf 84' lang='lat' dir='ltr'>roi</span> 
     </span>
     <span class='ocr_line' id='line_1_18' title="bbox 203 2768 710 2830; baseline 0.002 -14"><span class='ocrx_word' id='word_1_123' title='bbox 203 2780 309 2817; x_wconf 78' lang='lat' dir='ltr'>summa</span> <span class='ocrx_word' id='word_1_124' title='bbox 328 2773 451 2830; x_wconf 84' lang='lat' dir='ltr'>constat,</span> <span class='ocrx_word' id='word_1_125' title='bbox 471 2768 547 2818; x_wconf 87' lang='lat' dir='ltr'>iuuat</span> <span class='ocrx_word' id='word_1_126' title='bbox 564 2768 646 2818; x_wconf 85' lang='lat' dir='ltr'>eiiam</span> <span class='ocrx_word' id='word_1_127' title='bbox 659 2768 710 2817; x_wconf 89' lang='lat' dir='ltr'>ml·</span> 
     </span>
     <span class='ocr_line' id='line_1_19' title="bbox 203 2857 707 2919; baseline 0.006 -14"><span class='ocrx_word' id='word_1_128' title='bbox 203 2869 270 2906; x_wconf 87' lang='lat' dir='ltr'>nora</span> <span class='ocrx_word' id='word_1_129' title='bbox 296 2857 430 2919; x_wconf 86' lang='lat' dir='ltr'>quaedam</span> <span class='ocrx_word' id='word_1_130' title='bbox 456 2858 577 2908; x_wconf 82' lang='lat' dir='ltr'>breuiter</span> <span class='ocrx_word' id='word_1_131' title='bbox 601 2860 707 2908; x_wconf 84' lang='lat' dir='ltr'>tantum</span> 
     </span>
     <span class='ocr_line' id='line_1_20' title="bbox 203 2945 707 3009; baseline 0.002 -14"><span class='ocrx_word' id='word_1_132' title='bbox 203 2946 397 3008; x_wconf 82' lang='lat' dir='ltr'>perstringere·</span> <span class='ocrx_word' id='word_1_133' title='bbox 444 2945 515 3008; x_wconf 86' lang='lat' dir='ltr'>Quid</span> <span class='ocrx_word' id='word_1_134' title='bbox 546 2951 600 3006; x_wconf 83' lang='lat' dir='ltr'>esi,</span> <span class='ocrx_word' id='word_1_135' title='bbox 633 2946 707 3009; x_wconf 87' lang='lat' dir='ltr'>qnod</span> 
     </span>
     <span class='ocr_line' id='line_1_21' title="bbox 203 3030 704 3097; baseline 0.002 -15"><span class='ocrx_word' id='word_1_136' title='bbox 203 3034 275 3096; x_wconf 87' lang='lat' dir='ltr'>apud</span> <span class='ocrx_word' id='word_1_137' title='bbox 287 3033 411 3084; x_wconf 76' lang='lat' dir='ltr'>Baebium</span> <span class='ocrx_word' id='word_1_138' title='bbox 422 3030 499 3097; x_wconf 84' lang='lat' dir='ltr'>(uida</span> <span class='ocrx_word' id='word_1_139' title='bbox 511 3046 593 3096; x_wconf 81' lang='lat' dir='ltr'>supra</span> <span class='ocrx_word' id='word_1_140' title='bbox 606 3048 633 3097; x_wconf 90' lang='lat' dir='ltr'>p.</span> <span class='ocrx_word' id='word_1_141' title='bbox 643 3034 704 3084; x_wconf 75' lang='lat' dir='ltr'>lae.</span> 
     </span>
     <span class='ocr_line' id='line_1_22' title="bbox 203 3120 708 3186; baseline 0.002 -15"><span class='ocrx_word' id='word_1_142' title='bbox 203 3120 371 3186; x_wconf 73' lang='lat' dir='ltr'>potamii.)</span> <span class='ocrx_word' id='word_1_143' title='bbox 390 3122 520 3185; x_wconf 83' lang='lat' dir='ltr'>legimus,</span> <span class='ocrx_word' id='word_1_144' title='bbox 541 3123 647 3172; x_wconf 80' lang='lat' dir='ltr'>acerba</span> <span class='ocrx_word' id='word_1_145' title='bbox 662 3123 708 3173; x_wconf 85' lang='lat' dir='ltr'>lie·</span> 
     </span>
     <span class='ocr_line' id='line_1_23' title="bbox 204 3209 706 3273; baseline 0.008 -16"><span class='ocrx_word' id='word_1_146' title='bbox 204 3211 338 3261; x_wconf 79' lang='lat' dir='ltr'>«curabat</span> <span class='ocrx_word' id='word_1_147' title='bbox 354 3209 464 3273; x_wconf 73' lang='lat' dir='ltr'>Alfenus</span> <span class='ocrx_word' id='word_1_148' title='bbox 488 3213 588 3262; x_wconf 86' lang='lat' dir='ltr'>rectius</span> <span class='ocrx_word' id='word_1_149' title='bbox 610 3211 706 3261; x_wconf 87' lang='lat' dir='ltr'>reicrrl</span> 
     </span>
     <span class='ocr_line' id='line_1_24' title="bbox 203 3284 704 3363; baseline -0.002 -16"><span class='ocrx_word' id='word_1_150' title='bbox 203 3300 259 3350; x_wconf 74' lang='lat' dir='ltr'>aad</span> <span class='ocrx_word' id='word_1_151' title='bbox 282 3301 327 3360; x_wconf 90' lang='lat' dir='ltr'>id,</span> <span class='ocrx_word' id='word_1_152' title='bbox 358 3284 430 3363; x_wconf 68' lang='lat' dir='ltr'>duod</span> <span class='ocrx_word' id='word_1_153' title='bbox 453 3300 566 3351; x_wconf 84' lang='lat' dir='ltr'>Praetor</span> <span class='ocrx_word' id='word_1_154' title='bbox 589 3300 704 3360; x_wconf 81' lang='lat' dir='ltr'>inssitn;</span> 
     </span>
     <span class='ocr_line' id='line_1_25' title="bbox 201 3388 707 3452; baseline 0.002 -15"><span class='ocrx_word' id='word_1_155' title='bbox 201 3388 314 3449; x_wconf 85' lang='lat' dir='ltr'>deinde,</span> <span class='ocrx_word' id='word_1_156' title='bbox 340 3388 449 3438; x_wconf 82' lang='lat' dir='ltr'>«iuberi</span> <span class='ocrx_word' id='word_1_157' title='bbox 466 3394 547 3452; x_wconf 85' lang='lat' dir='ltr'>atque</span> <span class='ocrx_word' id='word_1_158' title='bbox 567 3388 707 3439; x_wconf 78' lang='lat' dir='ltr'>decernere</span> 
     </span>
     <span class='ocr_line' id='line_1_26' title="bbox 202 3476 706 3539; baseline 0.01 -17"><span class='ocrx_word' id='word_1_159' title='bbox 202 3477 359 3539; x_wconf 63' lang='lat' dir='ltr'>«distingui,</span> <span class='ocrx_word' id='word_1_160' title='bbox 387 3490 467 3539; x_wconf 85' lang='lat' dir='ltr'>posse</span> <span class='ocrx_word' id='word_1_161' title='bbox 480 3479 522 3527; x_wconf 83' lang='lat' dir='ltr'>a‘i</span> <span class='ocrx_word' id='word_1_162' title='bbox 558 3476 706 3527; x_wconf 83' lang='lat' dir='ltr'>Enimuero</span> 
     </span>
     <span class='ocr_line' id='line_1_27' title="bbox 201 3565 703 3629; baseline 0.004 -15"><span class='ocrx_word' id='word_1_163' title='bbox 201 3565 272 3615; x_wconf 84' lang='lat' dir='ltr'>haud</span> <span class='ocrx_word' id='word_1_164' title='bbox 291 3566 409 3616; x_wconf 84' lang='lat' dir='ltr'>absurde</span> <span class='ocrx_word' id='word_1_165' title='bbox 433 3565 532 3629; x_wconf 86' lang='lat' dir='ltr'>aliquis</span> <span class='ocrx_word' id='word_1_166' title='bbox 553 3566 703 3628; x_wconf 84' lang='lat' dir='ltr'>putauerit,</span> 
     </span>
     <span class='ocr_line' id='line_1_28' title="bbox 201 3654 704 3717; baseline 0.002 -14"><span class='ocrx_word' id='word_1_167' title='bbox 201 3655 288 3716; x_wconf 81' lang='lat' dir='ltr'>magis</span> <span class='ocrx_word' id='word_1_168' title='bbox 306 3654 477 3705; x_wconf 86' lang='lat' dir='ltr'>conueniens</span> <span class='ocrx_word' id='word_1_169' title='bbox 492 3666 571 3715; x_wconf 81' lang='lat' dir='ltr'>esee,</span> <span class='ocrx_word' id='word_1_170' title='bbox 591 3658 620 3704; x_wconf 88' lang='lat' dir='ltr'>nl</span> <span class='ocrx_word' id='word_1_171' title='bbox 632 3654 704 3717; x_wconf 89' lang='lat' dir='ltr'>qnod</span> 
     </span>
     <span class='ocr_line' id='line_1_29' title="bbox 201 3742 704 3806; baseline 0.004 -15"><span class='ocrx_word' id='word_1_172' title='bbox 201 3743 373 3793; x_wconf 86' lang='lat' dir='ltr'>aduersarius</span> <span class='ocrx_word' id='word_1_173' title='bbox 387 3742 578 3806; x_wconf 86' lang='lat' dir='ltr'>postulauerit,</span> <span class='ocrx_word' id='word_1_174' title='bbox 596 3755 704 3793; x_wconf 88' lang='lat' dir='ltr'>recuse-</span> 
     </span>
     <span class='ocr_line' id='line_1_30' title="bbox 200 3831 701 3894; baseline -0.002 -14"><span class='ocrx_word' id='word_1_175' title='bbox 200 3835 260 3886; x_wconf 88' lang='lat' dir='ltr'>tur,</span> <span class='ocrx_word' id='word_1_176' title='bbox 279 3844 361 3893; x_wconf 84' lang='lat' dir='ltr'>qnam</span> <span class='ocrx_word' id='word_1_177' title='bbox 374 3832 446 3894; x_wconf 87' lang='lat' dir='ltr'>qnod</span> <span class='ocrx_word' id='word_1_178' title='bbox 460 3832 572 3882; x_wconf 84' lang='lat' dir='ltr'>Praetor</span> <span class='ocrx_word' id='word_1_179' title='bbox 584 3831 701 3882; x_wconf 85' lang='lat' dir='ltr'>iusserit.</span> 
     </span>
     <span class='ocr_line' id='line_1_31' title="bbox 200 3918 703 3983; baseline 0.004 -15"><span class='ocrx_word' id='word_1_180' title='bbox 200 3918 234 3969; x_wconf 75' lang='lat' dir='ltr'>ut</span> <span class='ocrx_word' id='word_1_181' title='bbox 252 3932 318 3969; x_wconf 84' lang='lat' dir='ltr'>uero</span> <span class='ocrx_word' id='word_1_182' title='bbox 333 3920 392 3976; x_wconf 87' lang='lat' dir='ltr'>hie,</span> <span class='ocrx_word' id='word_1_183' title='bbox 412 3921 523 3983; x_wconf 83' lang='lat' dir='ltr'>opinor,</span> <span class='ocrx_word' id='word_1_184' title='bbox 542 3921 636 3970; x_wconf 84' lang='lat' dir='ltr'>subest</span> <span class='ocrx_word' id='word_1_185' title='bbox 648 3919 703 3970; x_wconf 87' lang='lat' dir='ltr'>llo·</span> 
     </span>
     <span class='ocr_line' id='line_1_32' title="bbox 200 4010 703 4072; baseline 0.004 -17"><span class='ocrx_word' id='word_1_186' title='bbox 200 4011 341 4067; x_wconf 84' lang='lat' dir='ltr'>lomenus,</span> <span class='ocrx_word' id='word_1_187' title='bbox 371 4010 418 4070; x_wconf 87' lang='lat' dir='ltr'>qni</span> <span class='ocrx_word' id='word_1_188' title='bbox 445 4022 545 4059; x_wconf 89' lang='lat' dir='ltr'>nouam</span> <span class='ocrx_word' id='word_1_189' title='bbox 571 4010 703 4072; x_wconf 86' lang='lat' dir='ltr'>quodam·</span> 
     </span>
     <span class='ocr_line' id='line_1_33' title="bbox 200 4094 701 4148; baseline 0.01 -5"><span class='ocrx_word' id='word_1_190' title='bbox 200 4094 282 4146; x_wconf 88' lang='lat' dir='ltr'>modo</span> <span class='ocrx_word' id='word_1_191' title='bbox 300 4095 367 4144; x_wconf 88' lang='lat' dir='ltr'>iuris</span> <span class='ocrx_word' id='word_1_192' title='bbox 385 4102 471 4146; x_wconf 86' lang='lat' dir='ltr'>artem</span> <span class='ocrx_word' id='word_1_193' title='bbox 490 4111 522 4148; x_wconf 81' lang='lat' dir='ltr'>ex</span> <span class='ocrx_word' id='word_1_194' title='bbox 540 4098 590 4148; x_wconf 81' lang='lat' dir='ltr'>iata</span> <span class='ocrx_word' id='word_1_195' title='bbox 609 4099 701 4148; x_wconf 90' lang='lat' dir='ltr'>conie-</span> 
     </span>
     <span class='ocr_line' id='line_1_34' title="bbox 200 4186 699 4247; baseline 0.012 -15"><span class='ocrx_word' id='word_1_196' title='bbox 200 4189 276 4232; x_wconf 84' lang='lat' dir='ltr'>ctura</span> <span class='ocrx_word' id='word_1_197' title='bbox 298 4196 347 4232; x_wconf 79' lang='lat' dir='ltr'>aaa</span> <span class='ocrx_word' id='word_1_198' title='bbox 371 4186 556 4247; x_wconf 72' lang='lat' dir='ltr'>composuisse</span> <span class='ocrx_word' id='word_1_199' title='bbox 580 4188 699 4237; x_wconf 86' lang='lat' dir='ltr'>uidetur.</span> 
     </span>
    </p>
   </div>
   <div class='ocr_carea' id='block_1_5' title="bbox 177 4270 698 4383">
    <p class='ocr_par' dir='ltr' id='par_1_6' title="bbox 177 4270 698 4383">
     <span class='ocr_line' id='line_1_35' title="bbox 177 4270 698 4383; baseline 0.01 -62"><span class='ocrx_word' id='word_1_200' title='bbox 177 4332 181 4383; x_wconf 44' lang='grc' dir='ltr'><strong><em>ἱ</em></strong></span> <span class='ocrx_word' id='word_1_201' title='bbox 199 4271 243 4321; x_wconf 71' lang='lat' dir='ltr'>Ali</span> <span class='ocrx_word' id='word_1_202' title='bbox 255 4272 346 4322; x_wconf 72' lang='lat' dir='ltr'>enimc</span> <span class='ocrx_word' id='word_1_203' title='bbox 367 4270 426 4321; x_wconf 80' lang='lat' dir='ltr'>«lix</span> <span class='ocrx_word' id='word_1_204' title='bbox 439 4272 490 4323; x_wconf 83' lang='lat' dir='ltr'>hoc</span> <span class='ocrx_word' id='word_1_205' title='bbox 503 4273 563 4324; x_wconf 90' lang='lat' dir='ltr'>loco</span> <span class='ocrx_word' id='word_1_206' title='bbox 577 4282 698 4338; x_wconf 87' lang='lat' dir='ltr'>apparet,</span> 
     </span>
    </p>
   </div>
   <div class='ocr_carea' id='block_1_6' title="bbox 36 4359 699 4449">
    <p class='ocr_par' dir='ltr' id='par_1_7' title="bbox 36 4359 699 4449">
     <span class='ocr_line' id='line_1_36' title="bbox 36 4359 699 4449; baseline 0.009 -40"><span class='ocrx_word' id='word_1_207' title='bbox 36 4372 104 4417; x_wconf 48' lang='grc' dir='ltr'>(η</span> <span class='ocrx_word' id='word_1_208' title='bbox 174 4388 185 4449; x_wconf 62' lang='lat' dir='ltr'>p</span> <span class='ocrx_word' id='word_1_209' title='bbox 200 4361 292 4410; x_wconf 79' lang='lat' dir='ltr'>«inter</span> <span class='ocrx_word' id='word_1_210' title='bbox 308 4360 411 4409; x_wconf 68' lang='lat' dir='ltr'>masam</span> <span class='ocrx_word' id='word_1_211' title='bbox 429 4359 604 4411; x_wconf 76' lang='lat' dir='ltr'>aldamton</span> <span class='ocrx_word' id='word_1_212' title='bbox 622 4363 699 4414; x_wconf 82' lang='lat' dir='ltr'>Prae·</span> 
     </span>
    </p>
   </div>
   <div class='ocr_carea' id='block_1_7' title="bbox 84 4442 698 4543">
    <p class='ocr_par' dir='ltr' id='par_1_8' title="bbox 84 4442 698 4543">
     <span class='ocr_line' id='line_1_37' title="bbox 84 4442 698 4543; baseline 0.08 -58"><span class='ocrx_word' id='word_1_213' title='bbox 84 4444 177 4493; x_wconf 50' lang='lat' dir='ltr'>siso&#39;f</span> <span class='ocrx_word' id='word_1_214' title='bbox 237 4442 304 4525; x_wconf 49' lang='grc' dir='ltr'>ἐξ.)</span> <span class='ocrx_word' id='word_1_215' title='bbox 326 4464 433 4520; x_wconf 46' lang='lat' dir='ltr'>culm„</span> <span class='ocrx_word' id='word_1_216' title='bbox 467 4453 585 4526; x_wconf 48' lang='lat' dir='ltr'>conputet</span> <span class='ocrx_word' id='word_1_217' title='bbox 623 4498 698 4543; x_wconf 59' lang='lat' dir='ltr'>stip·</span> 
     </span>
    </p>
   </div>
   <div class='ocr_carea' id='block_1_8' title="bbox 693 4462 849 4533">
    <p class='ocr_par' dir='ltr' id='par_1_9' title="bbox 693 4462 849 4533">
     <span class='ocr_line' id='line_1_38' title="bbox 712 4462 715 4473; baseline 0 0"><span class='ocrx_word' id='word_1_218' title='bbox 712 4462 715 4473; x_wconf 83' lang='lat'>.</span> 
     </span>
     <span class='ocr_line' id='line_1_39' title="bbox 693 4473 849 4533; baseline 0.019 -18"><span class='ocrx_word' id='word_1_219' title='bbox 693 4473 750 4519; x_wconf 67' lang='lat' dir='ltr'>&#39;l..s</span> <span class='ocrx_word' id='word_1_220' title='bbox 779 4494 786 4503; x_wconf 77' lang='grc'><em>”</em></span> <span class='ocrx_word' id='word_1_221' title='bbox 812 4482 849 4533; x_wconf 48' lang='lat' dir='ltr'>,fit</span> 
     </span>
    </p>
   </div>
   <div class='ocr_carea' id='block_1_9' title="bbox 762 2678 1267 3101">
    <p class='ocr_par' dir='ltr' id='par_1_10' title="bbox 762 2678 1267 3101">
     <span class='ocr_line' id='line_1_40' title="bbox 765 2678 1266 2741; baseline 0.012 -15"><span class='ocrx_word' id='word_1_222' title='bbox 765 2678 851 2728; x_wconf 80' lang='lat' dir='ltr'>oloris</span> <span class='ocrx_word' id='word_1_223' title='bbox 880 2679 946 2741; x_wconf 87' lang='lat' dir='ltr'>quid</span> <span class='ocrx_word' id='word_1_224' title='bbox 977 2680 1091 2732; x_wconf 87' lang='lat' dir='ltr'>intersit.</span> <span class='ocrx_word' id='word_1_225' title='bbox 1124 2680 1266 2732; x_wconf 78' lang='lat' dir='ltr'>Recaectto</span> 
     </span>
     <span class='ocr_line' id='line_1_41' title="bbox 764 2767 1267 2834; baseline 0.016 -21"><span class='ocrx_word' id='word_1_226' title='bbox 764 2767 860 2817; x_wconf 75' lang='lat' dir='ltr'>«enim</span> <span class='ocrx_word' id='word_1_227' title='bbox 878 2772 973 2818; x_wconf 88' lang='lat' dir='ltr'>contra</span> <span class='ocrx_word' id='word_1_228' title='bbox 994 2769 1097 2819; x_wconf 73' lang='lat' dir='ltr'>laesam</span> <span class='ocrx_word' id='word_1_229' title='bbox 1120 2771 1267 2834; x_wconf 88' lang='lat' dir='ltr'>interponi·</span> 
     </span>
     <span class='ocr_line' id='line_1_42' title="bbox 763 2855 1267 2922; baseline 0.01 -18"><span class='ocrx_word' id='word_1_230' title='bbox 763 2860 843 2915; x_wconf 77' lang='lat' dir='ltr'>ocur,</span> <span class='ocrx_word' id='word_1_231' title='bbox 874 2855 978 2906; x_wconf 83' lang='lat' dir='ltr'>decreto</span> <span class='ocrx_word' id='word_1_232' title='bbox 1004 2871 1070 2908; x_wconf 89' lang='lat' dir='ltr'>uero</span> <span class='ocrx_word' id='word_1_233' title='bbox 1101 2864 1148 2910; x_wconf 88' lang='lat' dir='ltr'>aui</span> <span class='ocrx_word' id='word_1_234' title='bbox 1169 2872 1267 2922; x_wconf 80' lang='lat' dir='ltr'>parare</span> 
     </span>
     <span class='ocr_line' id='line_1_43' title="bbox 764 2946 1263 3012; baseline 0.022 -21"><span class='ocrx_word' id='word_1_235' title='bbox 764 2957 898 2995; x_wconf 77' lang='lat' dir='ltr'>«necesse</span> <span class='ocrx_word' id='word_1_236' title='bbox 915 2951 959 2997; x_wconf 87' lang='lat' dir='ltr'>est</span> <span class='ocrx_word' id='word_1_237' title='bbox 968 2953 1015 2996; x_wconf 86' lang='lat' dir='ltr'>aut</span> <span class='ocrx_word' id='word_1_238' title='bbox 1027 2946 1061 2997; x_wconf 87' lang='lat' dir='ltr'>ob</span> <span class='ocrx_word' id='word_1_239' title='bbox 1074 2960 1104 2997; x_wconf 88' lang='lat' dir='ltr'>eo</span> <span class='ocrx_word' id='word_1_240' title='bbox 1116 2948 1263 3012; x_wconf 81' lang='lat' dir='ltr'>appellare,</span> 
     </span>
     <span class='ocr_line' id='line_1_44' title="bbox 762 3031 1265 3101; baseline 0.01 -19"><span class='ocrx_word' id='word_1_241' title='bbox 762 3031 793 3082; x_wconf 77' lang='lat' dir='ltr'>l..</span> <span class='ocrx_word' id='word_1_242' title='bbox 808 3031 851 3083; x_wconf 80' lang='lat' dir='ltr'>1n.</span> <span class='ocrx_word' id='word_1_243' title='bbox 879 3033 920 3084; x_wconf 81' lang='lat' dir='ltr'>lie</span> <span class='ocrx_word' id='word_1_244' title='bbox 937 3047 968 3085; x_wconf 89' lang='lat' dir='ltr'>re</span> <span class='ocrx_word' id='word_1_245' title='bbox 980 3034 1097 3086; x_wconf 87' lang='lat' dir='ltr'>indicata</span> <span class='ocrx_word' id='word_1_246' title='bbox 1111 3033 1168 3101; x_wconf 75' lang='lat' dir='ltr'>(lla</span> <span class='ocrx_word' id='word_1_247' title='bbox 1189 3038 1265 3087; x_wconf 88' lang='lat' dir='ltr'>Idem</span> 
     </span>
    </p>
   </div>
   <div class='ocr_carea' id='block_1_10' title="bbox 762 3120 1343 3177">
    <p class='ocr_par' dir='ltr' id='par_1_11' title="bbox 762 3120 1343 3177">
     <span class='ocr_line' id='line_1_45' title="bbox 762 3120 1343 3177; baseline 0.014 -7"><span class='ocrx_word' id='word_1_248' title='bbox 762 3120 796 3171; x_wconf 89' lang='lat' dir='ltr'>ad</span> <span class='ocrx_word' id='word_1_249' title='bbox 819 3134 844 3170; x_wconf 89' lang='lat' dir='ltr'>c.</span> <span class='ocrx_word' id='word_1_250' title='bbox 869 3120 896 3172; x_wconf 84' lang='grc'>8.</span> <span class='ocrx_word' id='word_1_251' title='bbox 923 3132 960 3177; x_wconf 64' lang='lat' dir='ltr'>vi.</span> <span class='ocrx_word' id='word_1_252' title='bbox 983 3122 1128 3174; x_wconf 74' lang='lat' dir='ltr'>Decorato:</span> <span class='ocrx_word' id='word_1_253' title='bbox 1160 3126 1265 3177; x_wconf 76' lang='lat' dir='ltr'>«Moris</span> <span class='ocrx_word' id='word_1_254' title='bbox 1339 3144 1343 3151; x_wconf 56' lang='lat'>*</span> 
     </span>
    </p>
   </div>
   <div class='ocr_carea' id='block_1_11' title="bbox 755 3211 1265 4429">
    <p class='ocr_par' dir='ltr' id='par_1_12' title="bbox 755 3211 1265 4429">
     <span class='ocr_line' id='line_1_46' title="bbox 762 3211 1263 3276; baseline 0.026 -23"><span class='ocrx_word' id='word_1_255' title='bbox 762 3215 856 3270; x_wconf 79' lang='lat' dir='ltr'>cerat,</span> <span class='ocrx_word' id='word_1_256' title='bbox 882 3216 911 3261; x_wconf 87' lang='lat' dir='ltr'>ut</span> <span class='ocrx_word' id='word_1_257' title='bbox 932 3211 1006 3274; x_wconf 83' lang='lat' dir='ltr'>priua</span> <span class='ocrx_word' id='word_1_258' title='bbox 1022 3213 1125 3263; x_wconf 80' lang='lat' dir='ltr'>iuberet</span> <span class='ocrx_word' id='word_1_259' title='bbox 1143 3213 1263 3276; x_wconf 80' lang='lat' dir='ltr'>Praetor,</span> 
     </span>
     <span class='ocr_line' id='line_1_47' title="bbox 763 3300 1265 3360; baseline 0.022 -17"><span class='ocrx_word' id='word_1_260' title='bbox 763 3300 1045 3360; x_wconf 80' lang='lat' dir='ltr'>oposieadccerncret.</span> <span class='ocrx_word' id='word_1_261' title='bbox 1064 3301 1203 3353; x_wconf 76' lang='lat' dir='ltr'>Aduersus</span> <span class='ocrx_word' id='word_1_262' title='bbox 1212 3304 1265 3355; x_wconf 66' lang='lat' dir='ltr'>iac</span> 
     </span>
     <span class='ocr_line' id='line_1_48' title="bbox 763 3389 1264 3453; baseline 0.024 -22"><span class='ocrx_word' id='word_1_263' title='bbox 763 3398 843 3436; x_wconf 79' lang='lat' dir='ltr'>naam</span> <span class='ocrx_word' id='word_1_264' title='bbox 859 3400 985 3438; x_wconf 74' lang='lat' dir='ltr'>recusare</span> <span class='ocrx_word' id='word_1_265' title='bbox 1000 3389 1114 3453; x_wconf 82' lang='lat' dir='ltr'>licebat,</span> <span class='ocrx_word' id='word_1_266' title='bbox 1132 3392 1264 3442; x_wconf 76' lang='lat' dir='ltr'>aduersus</span> 
     </span>
     <span class='ocr_line' id='line_1_49' title="bbox 762 3474 1264 3531; baseline 0.018 -9"><span class='ocrx_word' id='word_1_267' title='bbox 762 3474 917 3525; x_wconf 77' lang='lat' dir='ltr'>adamatam</span> <span class='ocrx_word' id='word_1_268' title='bbox 935 3490 991 3527; x_wconf 89' lang='lat' dir='ltr'>non</span> <span class='ocrx_word' id='word_1_269' title='bbox 1008 3477 1117 3528; x_wconf 84' lang='lat' dir='ltr'>licebat.</span> <span class='ocrx_word' id='word_1_270' title='bbox 1146 3479 1199 3530; x_wconf 90' lang='lat' dir='ltr'>Sed</span> <span class='ocrx_word' id='word_1_271' title='bbox 1211 3481 1264 3531; x_wconf 81' lang='lat' dir='ltr'>lroo</span> 
     </span>
     <span class='ocr_line' id='line_1_50' title="bbox 762 3562 1264 3630; baseline 0.018 -20"><span class='ocrx_word' id='word_1_272' title='bbox 762 3562 845 3613; x_wconf 80' lang='lat' dir='ltr'>eloco</span> <span class='ocrx_word' id='word_1_273' title='bbox 853 3562 969 3614; x_wconf 64' lang='lat' dir='ltr'>macenti</span> <span class='ocrx_word' id='word_1_274' title='bbox 980 3566 1115 3617; x_wconf 86' lang='lat' dir='ltr'>inuidiosa</span> <span class='ocrx_word' id='word_1_275' title='bbox 1128 3581 1177 3630; x_wconf 92' lang='lat' dir='ltr'>pro</span> <span class='ocrx_word' id='word_1_276' title='bbox 1188 3568 1264 3619; x_wconf 83' lang='lat' dir='ltr'>labet</span> 
     </span>
     <span class='ocr_line' id='line_1_51' title="bbox 762 3653 1263 3718; baseline 0.022 -22"><span class='ocrx_word' id='word_1_277' title='bbox 762 3653 810 3699; x_wconf 75' lang='lat' dir='ltr'>ret</span> <span class='ocrx_word' id='word_1_278' title='bbox 828 3654 866 3703; x_wconf 90' lang='lat' dir='ltr'>cd</span> <span class='ocrx_word' id='word_1_279' title='bbox 881 3653 1075 3705; x_wconf 82' lang='lat' dir='ltr'>decernendam</span> <span class='ocrx_word' id='word_1_280' title='bbox 1085 3668 1112 3705; x_wconf 78' lang='lat' dir='ltr'>ae</span> <span class='ocrx_word' id='word_1_281' title='bbox 1125 3662 1263 3718; x_wconf 85' lang='lat' dir='ltr'>comparet</span> 
     </span>
     <span class='ocr_line' id='line_1_52' title="bbox 761 3742 1262 3809; baseline 0.018 -22"><span class='ocrx_word' id='word_1_282' title='bbox 761 3743 900 3805; x_wconf 78' lang='lat' dir='ltr'>«poenita</span> <span class='ocrx_word' id='word_1_283' title='bbox 928 3768 957 3783; x_wconf 87' lang='lat'><em>-</em></span> <span class='ocrx_word' id='word_1_284' title='bbox 983 3742 1059 3805; x_wconf 85' lang='lat' dir='ltr'>Quae</span> <span class='ocrx_word' id='word_1_285' title='bbox 1081 3751 1175 3794; x_wconf 87' lang='lat' dir='ltr'>contra</span> <span class='ocrx_word' id='word_1_286' title='bbox 1195 3745 1262 3809; x_wconf 90' lang='lat' dir='ltr'>lepi-</span> 
     </span>
     <span class='ocr_line' id='line_1_53' title="bbox 759 3829 1261 3886; baseline 0.016 -7"><span class='ocrx_word' id='word_1_287' title='bbox 759 3831 871 3882; x_wconf 84' lang='lat' dir='ltr'>dissime</span> <span class='ocrx_word' id='word_1_288' title='bbox 894 3829 1083 3882; x_wconf 78' lang='lat' dir='ltr'>Faceiclataa:</span> <span class='ocrx_word' id='word_1_289' title='bbox 1098 3866 1106 3882; x_wconf 87' lang='lat'><strong>.</strong></span> <span class='ocrx_word' id='word_1_290' title='bbox 1121 3865 1128 3879; x_wconf 88' lang='lat'><strong>.</strong></span> <span class='ocrx_word' id='word_1_291' title='bbox 1143 3867 1151 3884; x_wconf 86' lang='lat'><strong>.</strong></span> <span class='ocrx_word' id='word_1_292' title='bbox 1171 3835 1261 3886; x_wconf 77' lang='lat' dir='ltr'>«nini</span> 
     </span>
     <span class='ocr_line' id='line_1_54' title="bbox 760 3919 1260 3982; baseline 0.016 -17"><span class='ocrx_word' id='word_1_293' title='bbox 760 3921 922 3982; x_wconf 75' lang='lat' dir='ltr'>«negotium</span> <span class='ocrx_word' id='word_1_294' title='bbox 939 3919 1050 3971; x_wconf 84' lang='lat' dir='ltr'>lacessit</span> <span class='ocrx_word' id='word_1_295' title='bbox 1066 3921 1214 3973; x_wconf 85' lang='lat' dir='ltr'>discrimen</span> <span class='ocrx_word' id='word_1_296' title='bbox 1229 3923 1260 3973; x_wconf 93' lang='lat' dir='ltr'>ll-</span> 
     </span>
     <span class='ocr_line' id='line_1_55' title="bbox 759 4007 1258 4062; baseline 0.01 -7"><span class='ocrx_word' id='word_1_297' title='bbox 759 4007 826 4058; x_wconf 82' lang='lat' dir='ltr'>«iud</span> <span class='ocrx_word' id='word_1_298' title='bbox 848 4009 920 4059; x_wconf 87' lang='lat' dir='ltr'>inter</span> <span class='ocrx_word' id='word_1_299' title='bbox 942 4009 1031 4060; x_wconf 80' lang='lat' dir='ltr'>tubere</span> <span class='ocrx_word' id='word_1_300' title='bbox 1053 4022 1086 4060; x_wconf 87' lang='lat' dir='ltr'>ac</span> <span class='ocrx_word' id='word_1_301' title='bbox 1111 4010 1258 4062; x_wconf 77' lang='lat' dir='ltr'>decernere.</span> 
     </span>
     <span class='ocr_line' id='line_1_56' title="bbox 758 4096 1259 4164; baseline 0.02 -22"><span class='ocrx_word' id='word_1_302' title='bbox 758 4096 820 4146; x_wconf 76' lang='lat' dir='ltr'>«Aa</span> <span class='ocrx_word' id='word_1_303' title='bbox 829 4098 881 4153; x_wconf 81' lang='lat' dir='ltr'>nisi</span> <span class='ocrx_word' id='word_1_304' title='bbox 890 4096 1059 4148; x_wconf 72' lang='lat' dir='ltr'>Hotomanus</span> <span class='ocrx_word' id='word_1_305' title='bbox 1073 4100 1182 4162; x_wconf 87' lang='lat' dir='ltr'>probel,</span> <span class='ocrx_word' id='word_1_306' title='bbox 1197 4107 1259 4164; x_wconf 90' lang='lat' dir='ltr'>peto</span> 
     </span>
     <span class='ocr_line' id='line_1_57' title="bbox 755 4184 1258 4250; baseline 0.012 -17"><span class='ocrx_word' id='word_1_307' title='bbox 755 4184 994 4246; x_wconf 72' lang='lat' dir='ltr'>abraemium,</span> <span class='ocrx_word' id='word_1_308' title='bbox 1014 4193 1060 4249; x_wconf 88' lang='lat' dir='ltr'>ui,</span> <span class='ocrx_word' id='word_1_309' title='bbox 1087 4190 1159 4250; x_wconf 86' lang='lat' dir='ltr'>qnod</span> <span class='ocrx_word' id='word_1_310' title='bbox 1177 4190 1258 4242; x_wconf 80' lang='lat' dir='ltr'>aerbo</span> 
     </span>
     <span class='ocr_line' id='line_1_58' title="bbox 757 4274 1258 4342; baseline 0.012 -20"><span class='ocrx_word' id='word_1_311' title='bbox 757 4274 825 4325; x_wconf 78' lang='lat' dir='ltr'>cille</span> <span class='ocrx_word' id='word_1_312' title='bbox 837 4276 950 4337; x_wconf 63' lang='lat' dir='ltr'>msera,</span> <span class='ocrx_word' id='word_1_313' title='bbox 969 4276 1048 4326; x_wconf 83' lang='lat' dir='ltr'>nobie</span> <span class='ocrx_word' id='word_1_314' title='bbox 1066 4276 1258 4342; x_wconf 72' lang='lat' dir='ltr'>antecapere</span> 
     </span>
     <span class='ocr_line' id='line_1_59' title="bbox 756 4363 1256 4429; baseline 0.016 -18"><span class='ocrx_word' id='word_1_315' title='bbox 756 4364 868 4415; x_wconf 83' lang='lat' dir='ltr'>alienat.</span> <span class='ocrx_word' id='word_1_316' title='bbox 905 4363 1001 4416; x_wconf 80' lang='lat' dir='ltr'>Cicero</span> <span class='ocrx_word' id='word_1_317' title='bbox 1020 4365 1110 4429; x_wconf 85' lang='lat' dir='ltr'>inqua</span> <span class='ocrx_word' id='word_1_318' title='bbox 1129 4367 1181 4417; x_wconf 85' lang='lat' dir='ltr'>lroo</span> <span class='ocrx_word' id='word_1_319' title='bbox 1195 4368 1256 4419; x_wconf 89' lang='lat' dir='ltr'>loco</span> 
     </span>
    </p>
   </div>
   <div class='ocr_carea' id='block_1_12' title="bbox 875 4474 1161 4529">
    <p class='ocr_par' dir='ltr' id='par_1_13' title="bbox 875 4474 1161 4529">
     <span class='ocr_line' id='line_1_60' title="bbox 875 4474 1161 4529; baseline 0.003 -7"><span class='ocrx_word' id='word_1_320' title='bbox 875 4493 879 4507; x_wconf 85' lang='lat'><strong><em>¹</em></strong></span> <span class='ocrx_word' id='word_1_321' title='bbox 914 4474 955 4523; x_wconf 42' lang='grc' dir='ltr'>Μ’</span> <span class='ocrx_word' id='word_1_322' title='bbox 993 4504 1046 4529; x_wconf 56' lang='grc' dir='ltr'>«ις.</span> <span class='ocrx_word' id='word_1_323' title='bbox 1154 4496 1161 4523; x_wconf 84' lang='lat' dir='ltr'>l·</span> 
     </span>
    </p>
   </div>
   <div class='ocr_carea' id='block_1_13' title="bbox 0 0 1680 5276">
    <p class='ocr_par' dir='ltr' id='par_1_14' title="bbox 0 0 1680 5276">
     <span class='ocr_line' id='line_1_61' title="bbox 0 0 1680 5276; baseline 0 4"><span class='ocrx_word' id='word_1_324' title='bbox 0 0 1680 5276; x_wconf 95' lang='lat' dir='ltr'> </span> 
     </span>
    </p>
   </div>
  </div>
 </body>
</html>
