3420 5280
433 510 474 572 ti
507 496 620 608 'Cup
648 508 682 581 1.
733 504 794 581 De
818 510 903 582 iuro
928 527 1087 583 causaue
1116 506 1375 594 Quinctianae

265 699 407 806 mig-⁸¹⁵·
430 696 668 764 aestimandum
682 694 751 778 est,
765 695 852 782 quoi
867 697 901 761 in
915 696 1107 783 supradicta
1120 691 1157 781 ᾗ
1170 695 1220 762 94.
1234 699 1276 763 ib.
1290 700 1384 783 quasi
1398 717 1480 785 pro-

265 819 380 866 Ρ
300 814 392 853 ¹
380 820 535 905 ⁰·prium
551 817 795 902 praeiudlolalis
808 820 998 903 sponsionis
1011 837 1087 884 osse
1102 818 1306 894 declaratur
1327 825 1480 908 reattpta

430 940 597 1007 intimum
616 935 811 1014 cessureffil.
1687 938 1691 1039 1

491 1059 547 1125 [lx
562 1061 680 1146 quibus
695 1062 844 1127 omnibus
854 1061 953 1128 iaoile
966 1064 1118 1146 apparet,
1133 1063 1276 1126 intimam
1292 1063 1379 1127 illam
1394 1064 1486 1128 inter

429 1183 639 1267 sponsionem
655 1184 690 1249 et
703 1184 987 1267 restipulationem
1005 1183 1267 1249 oonlunotionem
1288 1183 1480 1264 obtinuisse,

430 1320 526 1387 quam
546 1322 665 1389 supra,
685 1305 783 1370 otiam
804 1305 962 1389 aequitati
980 1304 1118 1369 maxime
1132 1305 1321 1389 conuenire,
1337 1304 1480 1390 praefati

430 1415 599 1508 sumus¹⁷).

273 1555 311 1637 ig·
325 1542 345 1581 ‘⁰
361 1544 411 1583 ⁵⁰³⁸·
491 1544 597 1610 Porro
620 1544 847 1630 praeiudiciali
870 1563 999 1630 quoque
1016 1546 1229 1630 sponsionum
1243 1548 1360 1635 generi
1374 1549 1407 1611 in
1426 1548 1480 1611 iu-

429 1664 621 1732 risdictione
646 1665 834 1735 exercenda
855 1667 961 1733 locum
987 1665 1192 1752 offloiumque
1213 1665 1332 1748 inisse,
1351 1669 1479 1753 'illustri

427 1786 486 1851 illo
500 1786 574 1854 Gaii
591 1788 796 1873 testimonio,
817 1785 906 1873 quod
920 1788 1031 1871 paullo
1046 1791 1147 1852 antea
1162 1784 1480 1871 recitaui¹⁸)‚-mani-

427 1896 639 1974 iestissimum
661 1910 723 1973 est.

490 2031 609 2114 ltaque
640 2031 712 2094 tota
743 2046 799 2094 res
829 2028 873 2096 ad
903 2046 1000 2094 unam
1023 2028 1110 2093 illam
1133 2020 1355 2115 quaestionem
1377 2031 1479 2120 redit,

429 2170 523 2237 quam
545 2151 851 2238 supraponimus,
872 2149 1027 2217 uidelicet
1045 2153 1153 2216 atnam
1176 2170 1285 2241 genus
1306 2151 1479 2238 dequibus

428 2273 556 2339 saumis
576 2272 746 2357 potissime
766 2273 801 2337 in
820 2291 883 2337 usu
906 2272 1015 2337 fuerit

490 2390 591 2462 Cuius
618 2395 667 2459 rei
695 2394 825 2459 tametsi
848 2410 985 2478 uereor,
1016 2396 1053 2458 ut
1081 2396 1206 2459 certam
1231 2393 1479 2480 absolutamque

428 2515 649 2581 Romanorum
665 2516 825 2581 rationem
838 2514 1006 2579 ualeamus
1020 2516 1195 2597 extricare,
1212 2518 1322 2580 tamen
1337 2516 1480 2605 uestigia

428 2636 587 2722 quaedam
601 2654 766 2722 apparere
781 2635 878 2702 uideo
893 2635 1126 2702 obseruatione
1141 2635 1260 2725 digna,
1273 2635 1315 2702 ad
1330 2639 1478 2725 cogniti-

428 2775 522 2823 onem
543 2758 649 2823 utilia.

487 2879 644 2946 Nimirum
678 2881 715 2943 nt
751 2879 837 2943 ultro
866 2877 1062 2963 concedam,
1097 2897 1181 2963 quaa
1209 2898 1311 2963 snpra
1336 2878 1478 2946 indicaui

358 2992 361 2995 ’
426 3001 592 3067 actionum
617 3018 761 3089 genera,
787 3000 982 3083 poeraallbus
1003 3000 1238 3084 sponsionibus
1260 3002 1422 3066 instructa
1444 3005 1479 3065 et

427 3123 560 3206 munita,
572 3123 700 3185 nonnisi
713 3122 934 3206 exemplorum
945 3122 1020 3187 loco
1033 3122 1128 3186 nobis
1140 3119 1262 3186 tradita
1273 3141 1357 3209 osse,
1374 3140 1479 3207 neque

427 3244 521 3328 quasi
541 3241 633 3306 linito
648 3242 705 3305 illo
721 3261 854 3307 numero
870 3244 1056 3307 uniuersum
1069 3243 1253 3327 poenalium
1267 3245 1478 3327 sponsionum

427 3382 520 3428 usum
535 3363 758 3428 olrcumsoribl
773 3379 880 3447 nequo
890 3362 1057 3448 conoludi3
1072 3366 1129 3426 uix
1143 3368 1251 3429 tamen
1264 3361 1375 3450 oredo,
1390 3382 1478 3429 mero

428 3502 508 3549 casu
530 3483 615 3559 llari,
638 3484 773 3568 primum
794 3487 831 3549 ut
846 3481 890 3547 ad
903 3486 1162 3550 aestimationem
1179 3490 1230 3550 ret
1246 3507 1288 3550 uo
1303 3485 1390 3572 litto,
1415 3504 1480 3570 qua

429 3604 471 3672 de
492 3608 614 3695 agitur,
635 3605 825 3689 sponsionis
846 3623 969 3670 summa
991 3606 1110 3692 ubique
1126 3606 1301 3688 referatur,
1322 3611 1479 3691 certaque

430 3900 708 3966 «prrosntstpoaroa
714 3902 827 3961 nomina,
841 3913 927 3964 eaque
1015 3902 1061 3960 16)
1080 3903 1166 3952 Verba
1180 3901 1206 3951 d.
1218 3898 1270 3963 §ali
1284 3901 1327 3952 aa.
1343 3915 1422 3966 supra
1436 3914 1478 3951 ex·
1585 3934 1594 3944 .

430 3989 750 4054 «inpublioumoedebat,
761 3990 927 4054 praedesque
981 3990 1056 4040 hibui
1074 4005 1101 4053 p.
1115 3990 1157 4039 11.

430 4091 485 4129 «eo
507 4078 617 4129 uomina
640 4078 760 4129 Praetori
778 4078 925 4138 inlautum
1015 4077 1061 4138 17)
1074 4078 1202 4127 Zimmern
1212 4077 1231 4127 1.
1246 4091 1271 4128 o.
1283 4093 1309 4141 p.
1323 4077 1383 4128 170.
1398 4080 1476 4137 Rata,

430 4180 508 4217 onon
521 4171 551 4216 ut
565 4180 636 4216 nuno
649 4167 802 4231 sponsionis
813 4172 839 4216 et
851 4167 926 4217 rosti-
982 4165 1009 4215 d.
1024 4165 1100 4214 lilim.
1112 4164 1184 4214 Palu.
1195 4165 1241 4225 a,
1256 4180 1280 4227 p.
1291 4167 1352 4215 iao.
1363 4163 1479 4217 Horatiae

431 4254 598 4320 opulationis
611 4268 697 4319 poena
708 4254 785 4305 luoro
797 4256 868 4306 eadit
880 4256 926 4306 ad·
982 4252 1015 4319 ds
1033 4267 1127 4303 caussa
1145 4253 1246 4304 Siliana
1265 4268 1291 4318 p.
1304 4254 1331 4302 n.

431 4344 583 4404 uastauit,
602 4345 647 4407 qui
666 4344 788 4395 uicerit.»
1016 4341 1060 4399 18)
1078 4341 1143 4392 Vide
1161 4355 1241 4406 supra
1260 4357 1286 4405 p.
1301 4343 1343 4391 11.
