3310 5280
290 607 338 660 Gap.
352 606 385 650 10.

260 662 408 723 „stow

305 825 327 834 -
372 803 407 846 23.

303 1027 406 1071 -w-

303 1293 326 1302 -
371 1270 406 1313 23.

304 1424 326 1433 -
372 1402 407 1446 Ἀ

303 1913 327 1925 -
370 1890 406 1935 Q

301 2028 328 2038 -
371 2005 405 2048 Q

301 2158 325 2169 -
371 2136 405 2181 w

300 2758 323 2768 -
369 2738 402 2780 Μ

255 2867 403 2922 pffin2

298 3003 329 3042 f
383 2984 402 3026 3

429 467 492 530 m
609 466 705 571 Gap.
734 469 793 546 11.
845 469 907 547 Do
932 477 1126 551 aoriemio
1151 478 1324 552 lectioni:

556 676 600 724 ex
622 658 673 725 ed.
694 663 730 727 te
751 653 949 747 possidere]
971 682 1019 729 ea·
1041 665 1096 731 ecl.
1116 666 1317 753 poariam:
1339 665 1414 751 Pk,
1434 687 1473 732 m.

555 783 725 866 postremo
750 802 819 848 non
848 776 1066 870 possedisse]
1104 792 1280 875 postremo
1314 790 1492 876 porcella·

598 921 655 970 ee:
677 901 741 968 Pk.

553 1025 620 1092 iac.
645 1028 750 1092 totam
778 1017 975 1112 accipietis]
1008 1025 1080 1114 fac·
1104 1034 1275 1115 capietis:
1305 1029 1373 1115 Pb,
1402 1048 1431 1099 c.
1451 1069 1492 1083 -

595 1152 708 1213 teiam
724 1146 797 1234 fac.
822 1153 1029 1232 accipietis:
1051 1149 1116 1216 Pk.

553 1267 628 1335 mihi
650 1260 748 1354 ipse]
770 1274 844 1356 ipse
861 1268 968 1337 milii:
990 1270 1053 1337 Pk.
1074 1310 1117 1323 -
1138 1272 1217 1338 mlhi
1237 1277 1326 1356 ipsi:
1349 1273 1408 1340 Pe.

554 1380 744 1477 perorabo]
775 1386 1007 1477 peroraro⁶⁹):
1043 1392 1112 1478 Pa,
1133 1392 1173 1478 ir,
1194 1395 1216 1459 Ι.
1238 1433 1278 1445 -
1311 1397 1352 1462 In
1372 1395 1427 1462 Pi.
1448 1396 1492 1461 ed

572 1558 576 1563 -
595 1515 776 1605 marginem
797 1532 819 1580 e
840 1533 938 1580 menn
959 1517 1159 1582 recentiori:
1184 1518 1270 1583 etiae
1290 1536 1469 1603 peroraro.

869 1714 953 1805 Cep.
976 1719 1039 1787 11.

425 1868 462 1957 ς.
477 1873 530 1942 37.
551 1865 765 1961 postulares]
784 1878 1005 1965 postularet:
1027 1874 1145 1959 ΡΨ).

550 1988 729 2084 priuatim]
752 2000 934 2084 priuatum:
957 1999 1016 2065 Pe.

551 2121 585 2186 in
616 2119 682 2187 hec
711 2138 749 2185 re
777 2122 828 2205 te,
860 2122 895 2186 tc
925 2112 1016 2206 inq]
1048 2127 1087 2189 in
1106 2121 1200 2191 laiac
1225 2142 1300 2189 rem
1328 2129 1364 2190 ie
1396 2128 1491 2215 inp:

592 2240 655 2307 Pk.
675 2278 718 2291 -
737 2244 777 2306 in
795 2238 864 2308 liae
886 2261 925 2308 re
946 2248 982 2309 ie
1002 2248 1093 2332 lap:
1130 2244 1197 2326 Pe,
1219 2245 1257 2330 b,
1279 2263 1316 2330 c,
1339 2244 1378 2330 d,
1400 2264 1437 2333 e,
1458 2245 1493 2336 i,

589 2365 617 2444 i,
638 2383 687 2447 m,
708 2382 741 2427 n.
1188 2422 1192 2427 .

548 2476 692 2568 testem]
714 2491 825 2554 teste:
847 2485 888 2552 B.
908 2485 976 2573 Pc,
999 2484 1039 2573 (1,
1060 2505 1096 2571 e,
1118 2485 1158 2572 h,
1179 2490 1206 2571 Ι,
1230 2508 1262 2553 n.

548 2600 684 2690 citabo]
707 2612 838 2674 citato:
866 2607 906 2674 B.
926 2605 998 2692 Ph,
1020 2610 1050 2695 Ι,
1071 2628 1105 2674 ιι.

548 2732 582 2796 in
605 2720 740 2811 Gallie]
761 2734 801 2796 la
825 2726 1007 2798 Galliam:
1028 2727 1098 2814 Po,
1120 2728 1163 2817 d,
1184 2729 1216 2795 b.

423 2845 458 2934 S.
474 2851 526 2918 38.
546 2843 701 2939 quicum]
724 2856 801 2942 pal:
824 2847 937 2926 ΡΝ).

548 2965 713 3056 uidisset]
735 2968 940 3047 adesael⁵²):
961 2970 1024 3038 Pk.

456 3255 502 3324 tiit)
514 3257 582 3310 Vide
591 3256 787 3308 Orelltiuotam
796 3254 835 3316 7.,
849 3252 926 3304 lana·
981 3255 1053 3306 cedit
1062 3256 1265 3317 apostataret»,
1278 3261 1305 3307 et
1315 3257 1388 3321 quod
1397 3259 1492 3322 aequi·
1620 3310 1621 3315 χ

418 3348 509 3412 pilum
522 3346 557 3397 ad
575 3345 681 3396 Verrio.
701 3344 746 3393 111
751 3379 760 3400 ‚
779 3343 824 3395 oe.
843 3341 923 3395 Cous.
980 3347 1026 3394 tur
1044 3343 1127 3395 «Seu.
1143 3343 1269 3396 Naeuio»
1283 3346 1490 3410 obmutueris,

420 3435 493 3487 iutra
510 3435 539 3486 b.
554 3448 595 3484 or.
615 3447 641 3485 c.
660 3434 717 3496 ³0,
732 3445 785 3497 pro
805 3430 925 3484 llaeatio
980 3431 1095 3483 minime
1103 3432 1220 3484 abaurda
1229 3447 1281 3484 nec
1290 3439 1382 3486 tamen
1394 3442 1488 3497 certa:

420 3538 444 3576 e.
463 3525 491 3576 3.
510 3528 598 3586 acin,
617 3529 669 3574 etc.
695 3549 722 3560 -
756 3520 925 3573 budella:-
980 3534 1147 3585 quamquam
1165 3521 1292 3573 Munatio
1312 3523 1366 3574 iam
1386 3529 1413 3575 et
1429 3523 1492 3574 Ho-

419 3615 525 3664 tiunam
544 3611 681 3675 Capellam
704 3611 739 3662 de
762 3610 923 3671 Rhetorica,
980 3614 1091 3660 tonnano
1109 3625 1159 3675 pro
1177 3613 1335 3662 coniectura
1353 3613 1469 3677 placuit.

420 3714 480 3766 cap.
499 3702 532 3752 de
552 3702 714 3766 partitione,
734 3699 807 3764 apud
827 3697 925 3761 Coppe-
1014 3694 1059 3763 ei)
1079 3699 1160 3750 Haud
1178 3701 1360 3765 improbabile
1384 3703 1490 3765 igitur,

418 3791 574 3840 rotumnam
586 3805 611 3855 p.
623 3789 699 3850 lib,
718 3788 765 3838 ubi
782 3788 837 3839 alia
850 3800 925 3837 com·
980 3786 1053 3850 quod
1075 3786 1248 3840 Hotomanua
1269 3789 1354 3840 refert
1376 3792 1410 3841 de
1435 3791 1492 3843 Co-

419 3878 498 3942 plura
522 3890 553 3927 er
577 3878 652 3927 omni
670 3878 720 3928 bau
739 3876 823 3927 Tullii
843 3876 925 3941 parti·
980 3875 1085 3926 uicibus
1097 3890 1176 3927 auam
1188 3878 1377 3929 coniecturum
1389 3880 1492 3931 iuuan-

418 3968 503 4028 tione,
516 3966 614 4030 partim
624 3965 794 4029 negligenter
804 3970 852 4015 aut
864 3979 925 4016 cor·
980 3964 1065 4014 tibus.

417 4060 505 4121 rupte,
524 4053 695 4105 baecautem
708 4057 747 4106 aie
760 4056 922 4106 traduntur:
1014 4047 1059 4116 62)
1078 4050 1156 4103 Cous.
1176 4066 1258 4117 quam
1279 4054 1395 4106 Orellia:
1422 4069 1493 4106 cum

419 4146 517 4196 «Haec
535 4146 587 4196 tria
611 4158 675 4195 cum
702 4145 821 4195 docuero
843 4155 924 4206 pero·
979 4140 1074 4191 Beelcio
1091 4139 1170 4190 alieri
1197 4143 1351 4195 uariantem
1374 4143 1491 4194 aduae&

419 4234 538 4284 arabe.»
980 4228 1066 4281 Serua
1084 4229 1237 4293 capoten.

452 4318 497 4388 uo)
515 4322 622 4383 Lectio,
642 4322 666 4371 ai
678 4319 746 4371 iliud
759 4319 833 4383 quod
846 4333 923 4384 prae·
