3420 5280
272 687 338 727 lmine
346 685 368 725 lii
378 699 394 723 r.

251 746 281 813 ”J
288 754 324 796 prii
329 744 394 792 Quiu-

267 816 293 842 ιο.

414 502 454 564 68
507 490 601 596 Cup.
629 496 662 570 1.
715 494 777 573 De
803 500 888 571 iure
915 515 1076 572 caussae
1105 497 1368 585 Quinctianae.

413 686 600 771 exemplar,
627 680 713 752 unde
725 686 974 773 transcriberet,
993 686 1107 753 oculos
1121 687 1273 752 reterens
1292 688 1326 751 in
1351 690 1471 772 puste-

412 810 532 873 riorem
551 808 720 897 inciderit,
741 811 841 894 atque
857 808 934 872 inde
961 810 1147 891 perrexerit
1160 808 1327 896 scribere,
1356 807 1472 874 modiis

413 931 551 994 omissis.
565 929 734 994 Eiusmodi
746 927 868 1014 aliquid
880 927 1094 996 Garatonlum
1106 928 1294 1018 significare
1309 930 1471 1016 intellige.

473 1049 602 1136 Atquin
627 1050 710 1116 baec
742 1051 815 1136 ipsa
844 1051 948 1135 ratio,
987 1050 1074 1117 baud
1102 1068 1179 1116 raro
1208 1050 1470 1117 commodissima

413 1174 448 1238 ot
478 1173 665 1255 uerissima,
698 1171 761 1238 boc
787 1172 863 1238 loco
889 1173 988 1258 plane
1013 1170 1154 1238 deiicere
1184 1171 1332 1257 uidetur,
1373 1174 1403 1236 ei
1427 1170 1470 1238 ad

413 1295 478 1359 ista
495 1292 624 1379 quidem
641 1295 743 1360 uerba
757 1292 964 1359 adhibeatur.
1006 1292 1182 1379 Numquid
1202 1295 1351 1382 apertius
1365 1310 1472 1378 quam,

412 1416 470 1481 illa
492 1416 593 1480 errati
615 1430 757 1495 caussa,
789 1419 983 1480 euenturum
1013 1414 1138 1503 inisse,
1170 1416 1208 1480 ut
1237 1416 1335 1480 etiam
1359 1415 1472 1481 uerbis

413 1534 483 1620 Qui
503 1532 621 1602 exsuti
641 1554 768 1603 cauare
788 1535 901 1602 rutum
919 1541 1070 1603 uerterit
1090 1528 1312 1603 careremus?

474 1656 564 1724 Nibil
594 1657 699 1746 igitur
728 1657 944 1745 relinquitur,
979 1658 1042 1724 nisi
1074 1660 1112 1723 ut
1140 1657 1206 1725 hoc
1238 1660 1313 1725 loco
1338 1654 1471 1723 errandi

411 1776 493 1844 illud
515 1797 625 1869 genus
646 1781 705 1844 eut
729 1781 861 1844 missum
887 1779 1049 1846 iaciamus
1070 1780 1222 1864 omnino,
1252 1783 1311 1845 aut
1331 1776 1473 1843 diuersis

411 1899 604 1987 quibusdam
640 1901 752 1966 uerbis
792 1899 1089 1988 accommodemus,
1129 1905 1167 1966 ut
1202 1904 1231 1967 sl
1266 1903 1471 1984 statuemus,

411 2023 596 2101 librarium,
631 2041 727 2107 quum
754 2023 889 2089 uerbum
916 2040 1084 2087 uunrnmr
1103 2022 1312 2106 scripsisset,
1344 2026 1412 2087 tum
1437 2022 1471 2085 ln

406 2145 520 2210 altero
545 2145 727 2230 exemplari
749 2143 887 2209 inferius
906 2143 1100 2209 uocabulum
1118 2163 1242 2209 rernm
1270 2146 1472 2239 respexisse,

411 2264 612 2359 atquelinde
632 2264 810 2336 scribendo
833 2264 1057 2330 continuasse.
1099 2261 1196 2347 Quod
1214 2284 1310 2352 quum
1333 2269 1472 2352 propter

412 2404 602 2452 communes
624 2387 755 2471 uirique
777 2387 853 2452 uoci
877 2388 1045 2453 extremas
1068 2388 1210 2471 quatuor
1230 2388 1362 2453 litteras
1383 2387 1470 2454 baud

413 2509 460 2574 sit
479 2506 673 2574 incredibile
690 2503 741 2590 l⁵),
762 2508 864 2596 longe
885 2509 996 2574 tamen
1017 2507 1149 2595 absum,
1169 2510 1208 2573 ut
1229 2508 1372 2583 ualidum
1394 2507 1472 2575 inde

412 2631 626 2697 coniecturae
645 2648 738 2695 meae
760 2627 989 2696 adminiculum
1012 2630 1109 2694 uelim
1133 2646 1336 2716 comparare.

475 2747 551 2831 Qua
565 2768 607 2816 ex
626 2753 839 2837 conlectura,
862 2752 1028 2836 quantiuls
1042 2748 1087 2816 sit
1106 2753 1226 2837 pretii,
1247 2753 1343 2819 loeus
1357 2757 1473 2819 noster

411 2870 475 2938 hac
497 2871 639 2957 denique
660 2873 773 2956 specie
795 2870 959 2956 prodibit:

474 3028 602 3096 Recito
623 3028 802 3096 Edictum.
857 3027 925 3111 θυι
946 3050 1199 3100 rnennerronrs
1221 3049 1348 3098 cresse
1371 3055 1472 3100 nerr-

475 3170 588 3216 renm.
638 3148 723 3240 Nou
756 3156 809 3217 eat
840 3155 872 3217 ia
901 3146 1106 3235 Quinctius:
1143 3158 1211 3220 uisi
1241 3159 1274 3221 et
1305 3155 1470 3245 latitaret,

475 3277 535 3364 qui
558 3272 607 3337 ed
630 3273 807 3359 uepotturn
833 3291 935 3338 auum
960 3274 1080 3341 relicto
1108 3281 1335 3363 procuratore
1360 3275 1471 3365 profi-

474 3400 662 3461 ciscuntur.
705 3388 771 3463 Cur
791 3394 899 3461 mus
919 3415 986 3460 nou
1006 3416 1179 3462 axsrnmm
1210 3395 1267 3467 Ne
1282 3402 1313 3465 ie
1327 3399 1471 3489 quiderm

475 3515 543 3599 Qui
563 3536 686 3582 rxsrmr
709 3536 838 3582 ceusu
858 3534 971 3582 sotum
1000 3537 1179 3584 brunnum.
1227 3518 1310 3586 Dici
1338 3520 1375 3586 u
1401 3539 1472 3585 uou

472 3645 597 3728 potest.
640 3637 707 3721 Qua
738 3657 866 3703 essens
894 3657 1018 3704 rnorem
1046 3660 1214 3706 amnuens
1243 3660 1309 3706 nou
1337 3660 1471 3707 rusam.

477 3759 550 3840 Qeeo
572 3766 725 3847 ternpore
747 3762 930 3827 estatinae
952 3764 1161 3852 oportuisse,
1182 3759 1322 3853 Nueut,
1344 3760 1471 3829 ubscu-

475 3884 545 3948 iem
568 3880 768 3963 Quirectium
788 3878 930 3964 defendi
951 3887 1016 3948 eut
1036 3880 1230 3971 quomodo?
1250 3882 1311 3947 rel.

445 4114 491 4170 45,
510 4114 599 4177 Magis
616 4114 699 4164 etiem
716 4113 859 4178 adspectus
878 4113 918 4163 io·
970 4113 1099 4164 cunum
1117 4113 1305 4166 Mediolanensi
1330 4119 1356 4166 ei
1377 4114 1471 4165 Tount-

407 4202 504 4264 uahit,
537 4216 600 4253 cum
630 4201 739 4253 dureris
770 4203 824 4253 tale
851 4203 917 4252 serl-
968 4202 1063 4263 nenti,
1094 4202 1164 4252 unde
1182 4202 1270 4255 dietus
1287 4217 1320 4253 ee
1337 4202 1471 4268 Pepronue

411 4297 506 4357 ptume
523 4304 626 4355 genus,
646 4290 726 4356 quale
744 4291 773 4341 in
787 4291 849 4343 eut
865 4290 918 4342 Ce-
967 4288 1121 4354 fragmenta
1138 4291 1290 4342 ediderunt.

410 4382 465 4431 dtee
496 4381 635 4433 Veronensi
675 4386 769 4440 ortui,
811 4384 859 4430 aut
888 4378 917 4428 in
