3352 5276
201 516 239 595 S
256 505 294 580 7
320 504 380 580 Αἱ
403 502 469 592 Ω·
488 504 675 579 absentem
692 510 795 579 reete
812 502 1022 603 defenderit
1037 527 1163 580 aeone
1202 504 1264 569 125

201 714 358 783 eusasse3
380 694 574 762 Praetorem
597 692 805 778 decreuisse,
828 695 985 781 iussisse3
1010 693 1152 781 denique
1174 695 1264 760 illum
1284 703 1431 801 ,ΛΕΜ
1391 762 1431 801 r

201 819 356 884 tribunos
397 818 506 903 plebis
548 819 774 904 appellauisse
788 809 837 896 ²⁵).
893 813 982 897 Quid
1013 809 1144 882 muta?
1179 816 1340 883 hoece-⁶¹¹
1310 818 1429 859 ‘itm

203 941 312 1005 emnia
333 941 482 1025 quamuis
503 959 612 1026 neque
632 959 700 1035 une
722 937 777 1005 die
798 957 907 1024 neque
929 939 1111 1023 tranquille
1133 956 1267 1023 semper

203 1062 370 1126 usitatoue
400 1062 481 1126 luris
510 1061 626 1129 ordine
656 1065 918 1150 peragerentur,
949 1061 1006 1124 uix
1032 1063 1144 1125 tamen
1165 1058 1266 1125 duel.

202 1186 276 1248 tare
295 1182 394 1268 lieet,
428 1183 507 1268 quin
535 1187 632 1249 intre
654 1187 803 1270 trtptrrto
825 1182 901 1248 dies
923 1201 965 1248 ex
987 1201 1052 1268 quo
1074 1181 1223 1248 Naeuius
1244 1198 1266 1247 a

202 1304 366 1371 Praetura
387 1306 499 1370 iussus
513 1305 600 1370 bona
616 1303 790 1389 possidere
805 1322 846 1370 ae
860 1304 1071 1389 proscribere
1086 1303 1266 1388 coepisset,

202 1445 243 1492 eo
270 1442 328 1491 res
357 1427 579 1511 processerit,
610 1427 649 1488 nt
679 1424 824 1492 Alienus
853 1425 1020 1521 satisdare
1042 1444 1115 1493 eum
1136 1424 1179 1490 ab
1200 1423 1266 1490 ad-

201 1549 351 1614 uersario
373 1548 601 1631 postularetur
622 1549 691 1611 turn
713 1564 734 1611 a
756 1544 920 1612 Praetore
942 1547 1114 1613 iuberetur
1126 1540 1176 1626 26);

265 1666 360 1750 Quae
383 1688 480 1755 quum
501 1670 550 1733 ita
571 1670 656 1755 sint,
680 1686 765 1753 quae
786 1669 874 1733 ratio
897 1672 949 1734 est
971 1667 1126 1746 eredere,
1148 1687 1192 1733 ex
1209 1668 1266 1734 illa

202 1791 361 1871 termula,
391 1788 492 1873 Quod
519 1790 563 1855 ab
593 1809 632 1854 eo
654 1793 771 1879 petat,
805 1774 972 1856 enituere
993 1787 1125 1856 Edicto
1146 1786 1265 1854 stoe-

201 1916 290 1977 torta
312 1911 402 1977 dorae
423 1930 499 1976 uras
520 1930 682 1976 rnrernrn
704 1929 865 1997 possessu
887 1916 1019 2001 eareat,
1045 1911 1206 1977 Naeuium
1227 1913 1265 1976 ut

202 2032 351 2101 Alienus
372 2031 571 2120 satisdaret,
588 2025 855 2119 „postulaulsse‘l
887 2031 993 2098 Porro
1015 2037 1053 2099 ut
1073 2035 1122 2099 ita
1143 2037 1266 2119 postu·
1307 2076 1332 2110 ,-

201 2155 341 2239 lauerit,
377 2156 434 2239 qul
466 2157 579 2239 potest
613 2155 784 2244 intelligi,
809 2173 919 2241 neque
953 2151 1121 2241 Alfenam
1155 2174 1265 2242 neque

204 2272 408 2342 Cteeroreem
429 2296 546 2344 uocem
566 2297 664 2343 unam
686 2278 852 2359 emisisse,
889 2296 954 2363 qua
975 2277 1115 2366 triginta
1138 2277 1263 2344 dierum

201 2400 344 2484 spatium
381 2402 529 2483 elapsum
566 2418 643 2466 esse
678 2401 860 2487 negarent,
897 2398 940 2464 ob
976 2416 1114 2485 eamque
1145 2401 1264 2465 saltem

201 2538 355 2587 caussam
392 2512 510 2601 (mitto
547 2523 721 2606 caeteras,
755 2537 840 2603 quae
875 2513 1005 2603 Alfeno
1038 2524 1264 2603 procreatore

201 2640 341 2725 perinde
362 2643 463 2727 atque
486 2645 606 2727 postea
631 2639 746 2707 Tullio
766 2644 916 2727 petreae
939 2644 1076 2725 praesto
1097 2632 1264 2720 luissent)

201 2759 356 2827 Edictum
386 2760 428 2826 de
454 2760 691 2828 satisdatione.
705 2760 911 2846 praestanda
943 2760 1085 2828 delicere
1117 2766 1264 2828 eonten-

202 2875 353 2977 derent‘t

265 3003 378 3093 Perge
400 3023 580 3093 quaerere,
607 3024 667 3072 eur
688 3005 849 3093 Praetor,
882 3005 971 3092 quod
999 3008 1121 3071 iniuste
1143 3009 1178 3071 et
1198 3005 1264 3071 ad-

199 3130 359 3192 uersante
391 3126 513 3193 Edicto
545 3128 794 3212 postularetur,
826 3132 950 3195 'caussa
986 3129 1125 3217 cognita
1154 3127 1263 3212 illico,

200 3251 250 3312 uti
268 3249 513 3335 postularetur,
535 3248 740 3327 decreuerit,
758 3249 953 3335 Naeuioque
967 3245 1145 3334 Alienum,
1167 3251 1262 3335 quasi

200 3370 289 3435 bona
311 3367 475 3455 Quinctil,
510 3374 560 3436 uti
581 3374 768 3458 oporteret,
807 3390 967 3455 possessa
989 3376 1122 3457 essent,
1157 3373 1262 3437 satis-

200 3489 282 3557 dare
303 3495 439 3557 iusserit
451 3485 498 3571 ²⁷).
556 3492 704 3560 Tritura
730 3490 840 3579 plebio
866 3491 1000 3559 tandem
1022 3494 1077 3559 ubi
1099 3483 1264 3581 luerunt?

234 3740 281 3804 25)
300 3755 325 3791 o.
345 3742 372 3793 7.
392 3754 417 3790 o.
436 3741 566 3793 20-22.
759 3739 920 3793 Alteuinnre
938 3740 1104 3793 detensionis
1122 3739 1184 3793 fluia
1200 3738 1260 3792 iult.

234 3824 281 3893 26)
301 3829 449 3880 videantur
462 3830 490 3880 in
502 3830 532 3880 ll.
544 3842 584 3881 eo.
596 3836 704 3895 praeter
759 3829 837 3881 Cous.
857 3845 882 3881 e.
902 3829 929 3880 7.

201 3917 286 3967 uerba
309 3924 373 3969 ante
394 3920 512 3992 exhibita
535 3920 618 3970 etiam
640 3933 655 3972 e
677 3933 702 3969 e.
794 3918 840 3980 27)
861 3920 920 3970 lloe
938 3920 1077 3970 decretum
1089 3919 1117 3968 in
1131 3920 1263 3969 narratio·

200 4004 245 4055 21.
272 4006 359 4056 haee:
389 4006 453 4058 «Fet
478 4009 555 4059 redae
584 4008 704 4059 omnibus
759 4020 795 4059 ne
821 4004 857 4071 (e.
879 4005 920 4072 7.)
950 4006 1042 4060 tacite·
1061 4006 1261 4071 quodammodo

74 4108 79 4119 ·
202 4093 351 4163 «iatepria,
379 4107 462 4157 aeque
479 4099 638 4160 prescriptis
659 4110 704 4149 aa·
759 4097 979 4160 subintelligitur.
1000 4122 1034 4132 ·-
1052 4096 1151 4148 Confer
1168 4103 1261 4147 umen

202 4186 276 4243 equa
290 4184 417 4244 peruersis
435 4182 523 4240 dona,
548 4190 579 4235 at
595 4184 704 4248 Alfenus
758 4199 784 4236 o.
803 4185 848 4236 20.
868 4190 948 4251 atque
970 4199 995 4236 e.
1013 4186 1057 4237 21.
1077 4196 1104 4240 v!
1126 4190 1178 4236 otu
1201 4199 1263 4237 eoa-

203 4271 366 4333 «pronaeae
394 4270 497 4321 Naeuio
525 4275 584 4323 aare·
620 4273 703 4335 Quia·
759 4279 825 4326 otro
842 4275 969 4327 Burrieni
987 4277 1058 4333 (soil.
1072 4289 1133 4326 eras
1146 4275 1261 4325 familia·

204 4359 335 4408 roceium.»
355 4383 386 4394 -
413 4359 465 4409 Hie
482 4366 572 4411 autem
593 4361 702 4413 ultimus
759 4363 845 4428 oris),
871 4367 918 4428 qui
933 4366 1062 4416 iniuriam
1080 4365 1261 4416 adunabat.»
