<?xml version="1.0" encoding="UTF-8"?>
<!DOCTYPE html PUBLIC "-//W3C//DTD XHTML 1.0 Transitional//EN"
    "http://www.w3.org/TR/xhtml1/DTD/xhtml1-transitional.dtd">
<html xmlns="http://www.w3.org/1999/xhtml" xml:lang="en" lang="en">
 <head>
  <title>
</title>
<meta http-equiv="Content-Type" content="text/html;charset=utf-8" />
  <meta name='ocr-system' content='tesseract 3.04.00' />
  <meta name='ocr-capabilities' content='ocr_page ocr_carea ocr_par ocr_line ocrx_word'/>
</head>
<body>
  <div class='ocr_page' id='page_1' title='image "./semestriumadmtu01kellgoog_0107.png"; bbox 0 0 3352 5276; ppageno 0'>
   <div class='ocr_carea' id='block_1_1' title="bbox 405 498 1358 604">
    <p class='ocr_par' dir='ltr' id='par_1_1' title="bbox 405 498 1358 604">
     <span class='ocr_line' id='line_1_1' title="bbox 405 498 1358 604; baseline -0.003 -25"><span class='ocrx_word' id='word_1_1' title='bbox 405 505 446 568; x_wconf 80' lang='lat'><strong>88</strong></span> <span class='ocrx_word' id='word_1_2' title='bbox 505 499 600 604; x_wconf 79' lang='lat' dir='ltr'><strong>Cup.</strong></span> <span class='ocrx_word' id='word_1_3' title='bbox 627 502 662 577; x_wconf 92' lang='lat'><strong>1.</strong></span> <span class='ocrx_word' id='word_1_4' title='bbox 714 498 776 577; x_wconf 85' lang='lat' dir='ltr'><strong>De</strong></span> <span class='ocrx_word' id='word_1_5' title='bbox 800 502 886 577; x_wconf 79' lang='lat' dir='ltr'><strong>iore</strong></span> <span class='ocrx_word' id='word_1_6' title='bbox 911 524 1070 577; x_wconf 79' lang='lat' dir='ltr'><strong>caussae</strong></span> <span class='ocrx_word' id='word_1_7' title='bbox 1098 498 1358 588; x_wconf 72' lang='lat' dir='ltr'><strong>Quinctianae.</strong></span> 
     </span>
    </p>
   </div>
   <div class='ocr_carea' id='block_1_2' title="bbox 238 676 1463 1386">
    <p class='ocr_par' dir='ltr' id='par_1_2' title="bbox 238 676 1463 1386">
     <span class='ocr_line' id='line_1_2' title="bbox 238 676 1460 802; baseline -0.001 -44"><span class='ocrx_word' id='word_1_8' title='bbox 238 693 386 802; x_wconf 39' lang='grc' dir='ltr'><strong>ἂψ·</strong></span> <span class='ocrx_word' id='word_1_9' title='bbox 466 676 529 758; x_wconf 78' lang='lat' dir='ltr'><strong>ou</strong></span> <span class='ocrx_word' id='word_1_10' title='bbox 565 689 708 777; x_wconf 84' lang='lat' dir='ltr'><strong>denique</strong></span> <span class='ocrx_word' id='word_1_11' title='bbox 742 691 930 757; x_wconf 76' lang='lat' dir='ltr'><strong>sententiae</strong></span> <span class='ocrx_word' id='word_1_12' title='bbox 966 709 1104 777; x_wconf 87' lang='lat' dir='ltr'><strong>prorsus</strong></span> <span class='ocrx_word' id='word_1_13' title='bbox 1145 692 1301 781; x_wconf 81' lang='lat' dir='ltr'><strong>congruit</strong></span> <span class='ocrx_word' id='word_1_14' title='bbox 1336 690 1460 777; x_wconf 84' lang='lat' dir='ltr'>duplex</span> 
     </span>
     <span class='ocr_line' id='line_1_3' title="bbox 402 811 1463 900; baseline 0.003 -23"><span class='ocrx_word' id='word_1_15' title='bbox 402 811 502 900; x_wconf 84' lang='lat' dir='ltr'><strong>iliud,</strong></span> <span class='ocrx_word' id='word_1_16' title='bbox 533 811 621 899; x_wconf 86' lang='lat' dir='ltr'><strong>quod</strong></span> <span class='ocrx_word' id='word_1_17' title='bbox 651 812 770 892; x_wconf 82' lang='lat' dir='ltr'><strong>infert,</strong></span> <span class='ocrx_word' id='word_1_18' title='bbox 801 812 959 898; x_wconf 84' lang='lat' dir='ltr'><strong>primum,</strong></span> <span class='ocrx_word' id='word_1_19' title='bbox 994 812 1024 877; x_wconf 96' lang='lat' dir='ltr'><strong>si</strong></span> <span class='ocrx_word' id='word_1_20' title='bbox 1049 831 1136 877; x_wconf 88' lang='lat' dir='ltr'><strong>unus</strong></span> <span class='ocrx_word' id='word_1_21' title='bbox 1150 815 1276 898; x_wconf 80' lang='lat' dir='ltr'><strong>petet,</strong></span> <span class='ocrx_word' id='word_1_22' title='bbox 1313 814 1463 880; x_wconf 89' lang='lat' dir='ltr'><strong>omnibus</strong></span> 
     </span>
     <span class='ocr_line' id='line_1_4' title="bbox 402 934 1461 1021; baseline 0 -21"><span class='ocrx_word' id='word_1_23' title='bbox 402 934 526 1000; x_wconf 79' lang='lat' dir='ltr'><strong>editum</strong></span> <span class='ocrx_word' id='word_1_24' title='bbox 553 937 755 1020; x_wconf 75' lang='lat' dir='ltr'><strong>comparari,</strong></span> <span class='ocrx_word' id='word_1_25' title='bbox 782 951 891 1019; x_wconf 88' lang='lat' dir='ltr'><strong>neque</strong></span> <span class='ocrx_word' id='word_1_26' title='bbox 918 936 1099 1019; x_wconf 82' lang='lat' dir='ltr'><strong>propterea</strong></span> <span class='ocrx_word' id='word_1_27' title='bbox 1130 951 1192 1018; x_wconf 94' lang='lat' dir='ltr'><strong>per</strong></span> <span class='ocrx_word' id='word_1_28' title='bbox 1220 934 1358 1000; x_wconf 83' lang='lat' dir='ltr'><strong>liberum</strong></span> <span class='ocrx_word' id='word_1_29' title='bbox 1379 952 1461 1021; x_wconf 90' lang='lat' dir='ltr'><strong>per-</strong></span> 
     </span>
     <span class='ocr_line' id='line_1_5' title="bbox 402 1048 1461 1142; baseline 0.001 -21"><span class='ocrx_word' id='word_1_30' title='bbox 402 1073 518 1121; x_wconf 78' lang='lat' dir='ltr'><strong>sonam</strong></span> <span class='ocrx_word' id='word_1_31' title='bbox 540 1057 691 1141; x_wconf 81' lang='lat' dir='ltr'><strong>cuiquem</strong></span> <span class='ocrx_word' id='word_1_32' title='bbox 713 1055 842 1141; x_wconf 82' lang='lat' dir='ltr'><strong>adquiri</strong></span> <span class='ocrx_word' id='word_1_33' title='bbox 849 1073 860 1142; x_wconf 83' lang='lat'>3</span> <span class='ocrx_word' id='word_1_34' title='bbox 889 1056 1029 1121; x_wconf 81' lang='lat' dir='ltr'><strong>aiterum</strong></span> <span class='ocrx_word' id='word_1_35' title='bbox 1057 1048 1169 1141; x_wconf 75' lang='lat' dir='ltr'><strong>(quod</strong></span> <span class='ocrx_word' id='word_1_36' title='bbox 1193 1054 1327 1121; x_wconf 78' lang='lat' dir='ltr'>aliunde</span> <span class='ocrx_word' id='word_1_37' title='bbox 1348 1057 1461 1141; x_wconf 83' lang='lat' dir='ltr'><strong>ponito</strong></span> 
     </span>
     <span class='ocr_line' id='line_1_6' title="bbox 402 1166 1461 1264; baseline 0 -22"><span class='ocrx_word' id='word_1_38' title='bbox 402 1180 482 1243; x_wconf 84' lang='lat' dir='ltr'><strong>onte</strong></span> <span class='ocrx_word' id='word_1_39' title='bbox 504 1175 801 1244; x_wconf 77' lang='lat' dir='ltr'><strong>demonstrauimus</strong></span> <span class='ocrx_word' id='word_1_40' title='bbox 808 1166 885 1263; x_wconf 66' lang='lat'><strong>²0),</strong></span> <span class='ocrx_word' id='word_1_41' title='bbox 905 1176 935 1242; x_wconf 90' lang='lat' dir='ltr'><strong>si</strong></span> <span class='ocrx_word' id='word_1_42' title='bbox 954 1176 984 1242; x_wconf 88' lang='lat' dir='ltr'><strong>is</strong></span> <span class='ocrx_word' id='word_1_43' title='bbox 1000 1176 1222 1262; x_wconf 79' lang='lat' dir='ltr'><strong>postulauerit</strong></span> <span class='ocrx_word' id='word_1_44' title='bbox 1238 1179 1339 1262; x_wconf 81' lang='lat' dir='ltr'><strong>utque</strong></span> <span class='ocrx_word' id='word_1_45' title='bbox 1353 1177 1461 1264; x_wconf 86' lang='lat' dir='ltr'><strong>impe-</strong></span> 
     </span>
     <span class='ocr_line' id='line_1_7' title="bbox 402 1295 1319 1386; baseline -0.002 -23"><span class='ocrx_word' id='word_1_46' title='bbox 402 1300 560 1386; x_wconf 75' lang='lat' dir='ltr'><strong>creuerit,</strong></span> <span class='ocrx_word' id='word_1_47' title='bbox 583 1301 637 1385; x_wconf 90' lang='lat' dir='ltr'><strong>qui</strong></span> <span class='ocrx_word' id='word_1_48' title='bbox 660 1298 807 1367; x_wconf 79' lang='lat' dir='ltr'><strong>creditor</strong></span> <span class='ocrx_word' id='word_1_49' title='bbox 827 1317 896 1364; x_wconf 91' lang='lat' dir='ltr'><strong>non</strong></span> <span class='ocrx_word' id='word_1_50' title='bbox 917 1299 978 1381; x_wconf 91' lang='lat' dir='ltr'><strong>sit,</strong></span> <span class='ocrx_word' id='word_1_51' title='bbox 1000 1295 1082 1364; x_wconf 86' lang='lat' dir='ltr'><strong>nihil</strong></span> <span class='ocrx_word' id='word_1_52' title='bbox 1103 1301 1213 1365; x_wconf 79' lang='lat' dir='ltr'><strong>ectum</strong></span> <span class='ocrx_word' id='word_1_53' title='bbox 1235 1315 1319 1365; x_wconf 86' lang='lat' dir='ltr'><strong>esse.</strong></span> 
     </span>
    </p>
   </div>
   <div class='ocr_carea' id='block_1_3' title="bbox 401 1454 1461 2154">
    <p class='ocr_par' dir='ltr' id='par_1_3' title="bbox 401 1454 1461 2154">
     <span class='ocr_line' id='line_1_8' title="bbox 464 1454 1461 1543; baseline -0.001 -19"><span class='ocrx_word' id='word_1_54' title='bbox 464 1456 523 1524; x_wconf 86' lang='lat' dir='ltr'><strong>Ad</strong></span> <span class='ocrx_word' id='word_1_55' title='bbox 555 1459 716 1526; x_wconf 90' lang='lat' dir='ltr'><strong>cumulum</strong></span> <span class='ocrx_word' id='word_1_56' title='bbox 748 1455 881 1524; x_wconf 82' lang='lat' dir='ltr'><strong>tandem</strong></span> <span class='ocrx_word' id='word_1_57' title='bbox 911 1454 1043 1524; x_wconf 78' lang='lat' dir='ltr'><strong>accedit</strong></span> <span class='ocrx_word' id='word_1_58' title='bbox 1073 1456 1179 1543; x_wconf 89' lang='lat' dir='ltr'><strong>ipsius</strong></span> <span class='ocrx_word' id='word_1_59' title='bbox 1211 1475 1273 1543; x_wconf 93' lang='lat' dir='ltr'><strong>pro</strong></span> <span class='ocrx_word' id='word_1_60' title='bbox 1305 1454 1461 1539; x_wconf 76' lang='lat' dir='ltr'><strong>Quinctio</strong></span> 
     </span>
     <span class='ocr_line' id='line_1_9' title="bbox 404 1577 1458 1666; baseline -0.002 -20"><span class='ocrx_word' id='word_1_61' title='bbox 404 1580 564 1646; x_wconf 75' lang='lat' dir='ltr'><strong>orationis</strong></span> <span class='ocrx_word' id='word_1_62' title='bbox 585 1578 717 1666; x_wconf 79' lang='lat' dir='ltr'><strong>quidum</strong></span> <span class='ocrx_word' id='word_1_63' title='bbox 744 1580 857 1666; x_wconf 86' lang='lat' dir='ltr'><strong>iocus,</strong></span> <span class='ocrx_word' id='word_1_64' title='bbox 892 1578 978 1664; x_wconf 84' lang='lat' dir='ltr'><strong>odeo</strong></span> <span class='ocrx_word' id='word_1_65' title='bbox 1004 1577 1136 1646; x_wconf 88' lang='lat' dir='ltr'><strong>lucidus</strong></span> <span class='ocrx_word' id='word_1_66' title='bbox 1162 1582 1263 1665; x_wconf 82' lang='lat' dir='ltr'><strong>utque</strong></span> <span class='ocrx_word' id='word_1_67' title='bbox 1295 1581 1458 1665; x_wconf 88' lang='lat' dir='ltr'><strong>opportu-</strong></span> 
     </span>
     <span class='ocr_line' id='line_1_10' title="bbox 402 1674 1458 1787; baseline -0.004 -19"><span class='ocrx_word' id='word_1_68' title='bbox 402 1721 483 1786; x_wconf 88' lang='lat' dir='ltr'><strong>nus,</strong></span> <span class='ocrx_word' id='word_1_69' title='bbox 510 1705 565 1787; x_wconf 85' lang='lat' dir='ltr'><strong>ut,</strong></span> <span class='ocrx_word' id='word_1_70' title='bbox 592 1702 658 1768; x_wconf 90' lang='lat' dir='ltr'><strong>nisi</strong></span> <span class='ocrx_word' id='word_1_71' title='bbox 678 1701 765 1768; x_wconf 79' lang='lat' dir='ltr'><strong>molo</strong></span> <span class='ocrx_word' id='word_1_72' title='bbox 784 1674 961 1767; x_wconf 87' lang='lat' dir='ltr'><strong>multorum</strong></span> <span class='ocrx_word' id='word_1_73' title='bbox 981 1698 1156 1766; x_wconf 83' lang='lat' dir='ltr'><strong>Editorum</strong></span> <span class='ocrx_word' id='word_1_74' title='bbox 1177 1702 1458 1787; x_wconf 76' lang='lat' dir='ltr'><strong>interpretumque</strong></span> 
     </span>
     <span class='ocr_line' id='line_1_11' title="bbox 403 1800 1458 1912; baseline -0.002 -23"><span class='ocrx_word' id='word_1_75' title='bbox 403 1800 505 1909; x_wconf 86' lang='lat' dir='ltr'><strong>opero</strong></span> <span class='ocrx_word' id='word_1_76' title='bbox 527 1821 731 1909; x_wconf 83' lang='lat' dir='ltr'><strong>depruuetus</strong></span> <span class='ocrx_word' id='word_1_77' title='bbox 750 1841 791 1890; x_wconf 84' lang='lat' dir='ltr'><strong>oc</strong></span> <span class='ocrx_word' id='word_1_78' title='bbox 813 1823 1030 1910; x_wconf 78' lang='lat' dir='ltr'><strong>perturbatus</strong></span> <span class='ocrx_word' id='word_1_79' title='bbox 1051 1824 1160 1908; x_wconf 86' lang='lat' dir='ltr'><strong>esset,</strong></span> <span class='ocrx_word' id='word_1_80' title='bbox 1181 1820 1304 1912; x_wconf 79' lang='lat' dir='ltr'><strong>dignus</strong></span> <span class='ocrx_word' id='word_1_81' title='bbox 1324 1819 1458 1887; x_wconf 83' lang='lat' dir='ltr'><strong>uidere-</strong></span> 
     </span>
     <span class='ocr_line' id='line_1_12' title="bbox 401 1942 1458 2031; baseline -0.001 -21"><span class='ocrx_word' id='word_1_82' title='bbox 401 1947 472 2031; x_wconf 84' lang='lat' dir='ltr'><strong>tur,</strong></span> <span class='ocrx_word' id='word_1_83' title='bbox 499 1962 520 2009; x_wconf 81' lang='lat' dir='ltr'><strong>a</strong></span> <span class='ocrx_word' id='word_1_84' title='bbox 542 1963 607 2029; x_wconf 86' lang='lat' dir='ltr'><strong>quo</strong></span> <span class='ocrx_word' id='word_1_85' title='bbox 629 1947 792 2030; x_wconf 79' lang='lat' dir='ltr'><strong>tamquam</strong></span> <span class='ocrx_word' id='word_1_86' title='bbox 815 1945 979 2031; x_wconf 78' lang='lat' dir='ltr'><strong>principle</strong></span> <span class='ocrx_word' id='word_1_87' title='bbox 1000 1962 1041 2012; x_wconf 80' lang='lat' dir='ltr'><strong>oc</strong></span> <span class='ocrx_word' id='word_1_88' title='bbox 1063 1945 1175 2031; x_wconf 81' lang='lat' dir='ltr'><strong>capite</strong></span> <span class='ocrx_word' id='word_1_89' title='bbox 1196 1945 1352 2010; x_wconf 85' lang='lat' dir='ltr'><strong>uniuerso</strong></span> <span class='ocrx_word' id='word_1_90' title='bbox 1376 1942 1458 2010; x_wconf 85' lang='lat' dir='ltr'><strong>hoec</strong></span> 
     </span>
     <span class='ocr_line' id='line_1_13' title="bbox 402 2063 1362 2154; baseline -0.001 -23"><span class='ocrx_word' id='word_1_91' title='bbox 402 2063 585 2152; x_wconf 81' lang='lat' dir='ltr'><strong>disputatio</strong></span> <span class='ocrx_word' id='word_1_92' title='bbox 606 2067 834 2153; x_wconf 76' lang='lat' dir='ltr'><strong>susciperetur</strong></span> <span class='ocrx_word' id='word_1_93' title='bbox 858 2067 1018 2154; x_wconf 86' lang='lat' dir='ltr'><strong>breuique</strong></span> <span class='ocrx_word' id='word_1_94' title='bbox 1039 2069 1113 2133; x_wconf 84' lang='lat' dir='ltr'><strong>toto</strong></span> <span class='ocrx_word' id='word_1_95' title='bbox 1126 2065 1362 2134; x_wconf 82' lang='lat' dir='ltr'><strong>conficeretur.</strong></span> 
     </span>
    </p>
   </div>
   <div class='ocr_carea' id='block_1_4' title="bbox 235 2223 1552 3457">
    <p class='ocr_par' dir='ltr' id='par_1_4' title="bbox 250 2223 1552 2315">
     <span class='ocr_line' id='line_1_14' title="bbox 250 2223 1552 2315; baseline 0.002 -25"><span class='ocrx_word' id='word_1_96' title='bbox 250 2239 317 2280; x_wconf 71' lang='lat' dir='ltr'><strong>tom</strong></span> <span class='ocrx_word' id='word_1_97' title='bbox 331 2241 382 2307; x_wconf 57' lang='lat' dir='ltr'><strong>in</strong></span> <span class='ocrx_word' id='word_1_98' title='bbox 463 2223 598 2291; x_wconf 82' lang='lat' dir='ltr'><strong>Etenim</strong></span> <span class='ocrx_word' id='word_1_99' title='bbox 620 2226 735 2291; x_wconf 86' lang='lat' dir='ltr'><strong>orotor</strong></span> <span class='ocrx_word' id='word_1_100' title='bbox 756 2228 973 2308; x_wconf 72' lang='lat' dir='ltr'><strong>enumeratis,</strong></span> <span class='ocrx_word' id='word_1_101' title='bbox 1005 2243 1088 2313; x_wconf 81' lang='lat' dir='ltr'><strong>quos</strong></span> <span class='ocrx_word' id='word_1_102' title='bbox 1109 2242 1212 2311; x_wconf 82' lang='lat' dir='ltr'><strong>supro</strong></span> <span class='ocrx_word' id='word_1_103' title='bbox 1233 2226 1459 2315; x_wconf 77' lang='lat' dir='ltr'><strong>cognorimus,</strong></span> <span class='ocrx_word' id='word_1_104' title='bbox 1549 2257 1552 2263; x_wconf 69' lang='lat'><em>=</em></span> 
     </span>
    </p>

    <p class='ocr_par' dir='ltr' id='par_1_5' title="bbox 235 2295 1510 3457">
     <span class='ocr_line' id='line_1_15' title="bbox 235 2295 1279 2438; baseline 0 -26"><span class='ocrx_word' id='word_1_105' title='bbox 235 2295 384 2394; x_wconf 48' lang='lat' dir='ltr'><strong>:ww</strong></span> <span class='ocrx_word' id='word_1_106' title='bbox 402 2349 545 2433; x_wconf 82' lang='lat' dir='ltr'><strong>quotuor</strong></span> <span class='ocrx_word' id='word_1_107' title='bbox 565 2344 678 2413; x_wconf 76' lang='lat' dir='ltr'><strong>uuicti</strong></span> <span class='ocrx_word' id='word_1_108' title='bbox 699 2340 921 2429; x_wconf 76' lang='lat' dir='ltr'><strong>clausulm⁹⁸),</strong></span> <span class='ocrx_word' id='word_1_109' title='bbox 942 2348 992 2413; x_wconf 89' lang='lat' dir='ltr'><strong>sic</strong></span> <span class='ocrx_word' id='word_1_110' title='bbox 1012 2349 1125 2438; x_wconf 78' lang='lat' dir='ltr'><strong>pergit</strong></span> <span class='ocrx_word' id='word_1_111' title='bbox 1147 2345 1279 2415; x_wconf 85' lang='lat' dir='ltr'><strong>dicere:</strong></span> 
     </span>
     <span class='ocr_line' id='line_1_16' title="bbox 467 2511 1474 2601; baseline 0.007 -26"><span class='ocrx_word' id='word_1_112' title='bbox 467 2511 565 2596; x_wconf 78' lang='lat' dir='ltr'><strong>«Quo</strong></span> <span class='ocrx_word' id='word_1_113' title='bbox 587 2517 738 2600; x_wconf 89' lang='lat' dir='ltr'><strong>tempore</strong></span> <span class='ocrx_word' id='word_1_114' title='bbox 759 2515 932 2581; x_wconf 84' lang='lat' dir='ltr'><strong>existimus</strong></span> <span class='ocrx_word' id='word_1_115' title='bbox 953 2516 1158 2601; x_wconf 85' lang='lat' dir='ltr'><strong>oportuisse,</strong></span> <span class='ocrx_word' id='word_1_116' title='bbox 1179 2516 1303 2601; x_wconf 75' lang='lat' dir='ltr'><strong>Naeui,</strong></span> <span class='ocrx_word' id='word_1_117' title='bbox 1333 2515 1474 2582; x_wconf 60' lang='lat' dir='ltr'><strong>obsen-</strong></span> 
     </span>
     <span class='ocr_line' id='line_1_17' title="bbox 467 2630 1510 2725; baseline 0.003 -27"><span class='ocrx_word' id='word_1_118' title='bbox 467 2638 558 2702; x_wconf 83' lang='lat' dir='ltr'><strong>«tem</strong></span> <span class='ocrx_word' id='word_1_119' title='bbox 580 2634 768 2719; x_wconf 78' lang='lat' dir='ltr'><strong>Quinctium</strong></span> <span class='ocrx_word' id='word_1_120' title='bbox 790 2634 927 2703; x_wconf 83' lang='lat' dir='ltr'><strong>defendi</strong></span> <span class='ocrx_word' id='word_1_121' title='bbox 948 2639 1006 2702; x_wconf 82' lang='lat' dir='ltr'><strong>eut</strong></span> <span class='ocrx_word' id='word_1_122' title='bbox 1028 2630 1221 2722; x_wconf 66' lang='lat' dir='ltr'><strong>quomodo?</strong></span> <span class='ocrx_word' id='word_1_123' title='bbox 1256 2636 1339 2705; x_wconf 74' lang='lat' dir='ltr'><strong>&#39;ium</strong></span> <span class='ocrx_word' id='word_1_124' title='bbox 1362 2655 1459 2725; x_wconf 86' lang='lat' dir='ltr'><strong>quum</strong></span> <span class='ocrx_word' id='word_1_125' title='bbox 1506 2638 1510 2642; x_wconf 66' lang='grc'>“</span> 
     </span>
     <span class='ocr_line' id='line_1_18' title="bbox 452 2730 1460 2845; baseline 0.009 -26"><span class='ocrx_word' id='word_1_126' title='bbox 452 2730 686 2845; x_wconf 69' lang='lat' dir='ltr'><strong>¹«postuloiros</strong></span> <span class='ocrx_word' id='word_1_127' title='bbox 707 2761 745 2823; x_wconf 91' lang='lat' dir='ltr'><strong>ut</strong></span> <span class='ocrx_word' id='word_1_128' title='bbox 765 2757 855 2824; x_wconf 82' lang='lat' dir='ltr'><strong>bono</strong></span> <span class='ocrx_word' id='word_1_129' title='bbox 876 2751 1095 2845; x_wconf 66' lang='lat' dir='ltr'><strong>possideres?</strong></span> <span class='ocrx_word' id='word_1_130' title='bbox 1115 2758 1221 2826; x_wconf 88' lang='lat' dir='ltr'><strong>Nemo</strong></span> <span class='ocrx_word' id='word_1_131' title='bbox 1242 2758 1359 2825; x_wconf 80' lang='lat' dir='ltr'><strong>odiuit.</strong></span> <span class='ocrx_word' id='word_1_132' title='bbox 1385 2760 1460 2828; x_wconf 88' lang='lat' dir='ltr'><strong>Ne·</strong></span> 
     </span>
     <span class='ocr_line' id='line_1_19' title="bbox 467 2876 1459 2967; baseline 0.008 -27"><span class='ocrx_word' id='word_1_133' title='bbox 467 2897 556 2965; x_wconf 73' lang='lat' dir='ltr'><strong>·que</strong></span> <span class='ocrx_word' id='word_1_134' title='bbox 584 2880 683 2945; x_wconf 88' lang='lat' dir='ltr'><strong>enim</strong></span> <span class='ocrx_word' id='word_1_135' title='bbox 698 2880 869 2965; x_wconf 80' lang='lat' dir='ltr'><strong>quisquam</strong></span> <span class='ocrx_word' id='word_1_136' title='bbox 895 2876 1046 2945; x_wconf 82' lang='lat' dir='ltr'><strong>diuinare</strong></span> <span class='ocrx_word' id='word_1_137' title='bbox 1069 2882 1219 2967; x_wconf 81' lang='lat' dir='ltr'><strong>poterut,</strong></span> <span class='ocrx_word' id='word_1_138' title='bbox 1249 2883 1284 2947; x_wconf 89' lang='lat' dir='ltr'><strong>te</strong></span> <span class='ocrx_word' id='word_1_139' title='bbox 1304 2882 1459 2967; x_wconf 80' lang='lat' dir='ltr'><strong>postulo-</strong></span> 
     </span>
     <span class='ocr_line' id='line_1_20' title="bbox 467 3002 1459 3090; baseline 0.004 -27"><span class='ocrx_word' id='word_1_140' title='bbox 467 3003 614 3066; x_wconf 76' lang='lat' dir='ltr'><strong>«turumz</strong></span> <span class='ocrx_word' id='word_1_141' title='bbox 646 3018 755 3090; x_wconf 73' lang='lat' dir='ltr'><strong>coepte</strong></span> <span class='ocrx_word' id='word_1_142' title='bbox 786 3018 990 3090; x_wconf 72' lang='lat' dir='ltr'><strong>coemptum</strong></span> <span class='ocrx_word' id='word_1_143' title='bbox 1021 3002 1198 3069; x_wconf 77' lang='lat' dir='ltr'><strong>attinebat</strong></span> <span class='ocrx_word' id='word_1_144' title='bbox 1228 3003 1267 3068; x_wconf 77' lang='lat' dir='ltr'><strong>te</strong></span> <span class='ocrx_word' id='word_1_145' title='bbox 1297 3020 1459 3071; x_wconf 78' lang='lat' dir='ltr'><strong>recusare</strong></span> 
     </span>
     <span class='ocr_line' id='line_1_21' title="bbox 468 3117 1461 3211; baseline 0.008 -30"><span class='ocrx_word' id='word_1_146' title='bbox 468 3121 584 3211; x_wconf 74' lang='lat' dir='ltr'><strong>«quoti</strong></span> <span class='ocrx_word' id='word_1_147' title='bbox 611 3117 765 3187; x_wconf 84' lang='lat' dir='ltr'><strong>Praetor</strong></span> <span class='ocrx_word' id='word_1_148' title='bbox 792 3140 863 3188; x_wconf 83' lang='lat' dir='ltr'><strong>ooo</strong></span> <span class='ocrx_word' id='word_1_149' title='bbox 889 3120 971 3209; x_wconf 78' lang='lat' dir='ltr'><strong>ficri</strong></span> <span class='ocrx_word' id='word_1_150' title='bbox 996 3124 1059 3190; x_wconf 75' lang='lat' dir='ltr'><strong>scd</strong></span> <span class='ocrx_word' id='word_1_151' title='bbox 1079 3142 1126 3190; x_wconf 79' lang='lat' dir='ltr'><strong>cc</strong></span> <span class='ocrx_word' id='word_1_152' title='bbox 1146 3123 1278 3191; x_wconf 77' lang='lat' dir='ltr'><strong>Edicto</strong></span> <span class='ocrx_word' id='word_1_153' title='bbox 1299 3142 1363 3192; x_wconf 78' lang='lat' dir='ltr'><strong>otto</strong></span> <span class='ocrx_word' id='word_1_154' title='bbox 1379 3121 1461 3210; x_wconf 79' lang='lat' dir='ltr'><strong>ficri</strong></span> 
     </span>
     <span class='ocr_line' id='line_1_22' title="bbox 468 3240 1460 3333; baseline 0.005 -29"><span class='ocrx_word' id='word_1_155' title='bbox 468 3241 640 3309; x_wconf 79' lang='lat' dir='ltr'><strong>«iubebat.</strong></span> <span class='ocrx_word' id='word_1_156' title='bbox 683 3240 747 3325; x_wconf 77' lang='lat' dir='ltr'><strong>Qut</strong></span> <span class='ocrx_word' id='word_1_157' title='bbox 768 3242 864 3310; x_wconf 91' lang='lat' dir='ltr'><strong>locus</strong></span> <span class='ocrx_word' id='word_1_158' title='bbox 878 3245 982 3333; x_wconf 82' lang='lat' dir='ltr'><strong>igitur</strong></span> <span class='ocrx_word' id='word_1_159' title='bbox 996 3245 1146 3312; x_wconf 81' lang='lat' dir='ltr'><strong>absentis</strong></span> <span class='ocrx_word' id='word_1_160' title='bbox 1160 3243 1363 3312; x_wconf 82' lang='lat' dir='ltr'><strong>defendendi</strong></span> <span class='ocrx_word' id='word_1_161' title='bbox 1377 3263 1460 3332; x_wconf 92' lang='lat' dir='ltr'><strong>pro-</strong></span> 
     </span>
     <span class='ocr_line' id='line_1_23' title="bbox 466 3359 1460 3457; baseline 0.01 -33"><span class='ocrx_word' id='word_1_162' title='bbox 466 3364 637 3431; x_wconf 74' lang='lat' dir='ltr'><strong>«curotori</strong></span> <span class='ocrx_word' id='word_1_163' title='bbox 672 3365 796 3457; x_wconf 88' lang='lat' dir='ltr'><strong>primus</strong></span> <span class='ocrx_word' id='word_1_164' title='bbox 828 3363 928 3432; x_wconf 83' lang='lat' dir='ltr'><strong>dotus</strong></span> <span class='ocrx_word' id='word_1_165' title='bbox 959 3359 1040 3433; x_wconf 70' lang='lat' dir='ltr'><strong>est?</strong></span> <span class='ocrx_word' id='word_1_166' title='bbox 1076 3365 1183 3450; x_wconf 78' lang='lat' dir='ltr'><strong>Quum</strong></span> <span class='ocrx_word' id='word_1_167' title='bbox 1217 3367 1460 3452; x_wconf 71' lang='lat' dir='ltr'><strong>proscribente</strong></span> 
     </span>
    </p>
   </div>
   <div class='ocr_carea' id='block_1_5' title="bbox 467 3484 820 3575">
    <p class='ocr_par' dir='ltr' id='par_1_6' title="bbox 467 3484 820 3575">
     <span class='ocr_line' id='line_1_24' title="bbox 467 3484 820 3575; baseline 0.008 -28"><span class='ocrx_word' id='word_1_168' title='bbox 467 3484 585 3575; x_wconf 72' lang='lat' dir='ltr'><strong>«Ergo</strong></span> <span class='ocrx_word' id='word_1_169' title='bbox 607 3484 736 3551; x_wconf 78' lang='lat' dir='ltr'><strong>adfuit·</strong></span> <span class='ocrx_word' id='word_1_170' title='bbox 760 3488 820 3552; x_wconf 84' lang='lat' dir='ltr'><strong>rel.</strong></span> 
     </span>
    </p>
   </div>
   <div class='ocr_carea' id='block_1_6' title="bbox 324 3651 1461 3995">
    <p class='ocr_par' dir='ltr' id='par_1_7' title="bbox 324 3651 1461 3995">
     <span class='ocr_line' id='line_1_25' title="bbox 464 3651 1461 3751; baseline 0.003 -22"><span class='ocrx_word' id='word_1_171' title='bbox 464 3665 535 3730; x_wconf 82' lang='lat' dir='ltr'><strong>lom</strong></span> <span class='ocrx_word' id='word_1_172' title='bbox 562 3662 645 3732; x_wconf 83' lang='lat' dir='ltr'><strong>hoec</strong></span> <span class='ocrx_word' id='word_1_173' title='bbox 673 3669 790 3732; x_wconf 85' lang='lat' dir='ltr'><strong>estex</strong></span> <span class='ocrx_word' id='word_1_174' title='bbox 818 3665 881 3732; x_wconf 77' lang='lat' dir='ltr'><strong>fide</strong></span> <span class='ocrx_word' id='word_1_175' title='bbox 908 3668 1212 3751; x_wconf 74' lang='lat' dir='ltr'><strong>probatissimorum</strong></span> <span class='ocrx_word' id='word_1_176' title='bbox 1226 3651 1461 3744; x_wconf 62' lang='lat' dir='ltr'><strong>&#39;mortorufflt</strong></span> 
     </span>
     <span class='ocr_line' id='line_1_26' title="bbox 403 3781 1459 3873; baseline -0.002 -19"><span class='ocrx_word' id='word_1_177' title='bbox 403 3787 583 3854; x_wconf 88' lang='lat' dir='ltr'><strong>communis</strong></span> <span class='ocrx_word' id='word_1_178' title='bbox 608 3781 768 3854; x_wconf 80' lang='lat' dir='ltr'><strong>Codicum</strong></span> <span class='ocrx_word' id='word_1_179' title='bbox 796 3788 884 3854; x_wconf 85' lang='lat' dir='ltr'><strong>Mss</strong></span> <span class='ocrx_word' id='word_1_180' title='bbox 903 3789 1022 3869; x_wconf 88' lang='lat' dir='ltr'><strong>lectio,</strong></span> <span class='ocrx_word' id='word_1_181' title='bbox 1054 3790 1207 3873; x_wconf 85' lang='lat' dir='ltr'><strong>exceptis</strong></span> <span class='ocrx_word' id='word_1_182' title='bbox 1234 3785 1459 3857; x_wconf 79' lang='lat' dir='ltr'><strong>tantummodo</strong></span> 
     </span>
     <span class='ocr_line' id='line_1_27' title="bbox 324 3906 1459 3995; baseline -0.001 -23"><span class='ocrx_word' id='word_1_183' title='bbox 324 3912 327 3917; x_wconf 56' lang='lat'><em>⁴</em></span> <span class='ocrx_word' id='word_1_184' title='bbox 400 3907 581 3973; x_wconf 87' lang='lat' dir='ltr'><strong>leuioribus</strong></span> <span class='ocrx_word' id='word_1_185' title='bbox 609 3906 804 3993; x_wconf 80' lang='lat' dir='ltr'><strong>quibusdum</strong></span> <span class='ocrx_word' id='word_1_186' title='bbox 833 3909 1081 3995; x_wconf 80' lang='lat' dir='ltr'><strong>manifestisque</strong></span> <span class='ocrx_word' id='word_1_187' title='bbox 1106 3908 1321 3993; x_wconf 85' lang='lat' dir='ltr'><strong>corruptelis,</strong></span> <span class='ocrx_word' id='word_1_188' title='bbox 1356 3909 1459 3976; x_wconf 85' lang='lat' dir='ltr'><strong>ueluti</strong></span> 
     </span>
    </p>
   </div>
   <div class='ocr_carea' id='block_1_7' title="bbox 398 4174 1461 4419">
    <p class='ocr_par' dir='ltr' id='par_1_8' title="bbox 398 4141 1461 4419">
     <span class='ocr_line' id='line_1_28' title="bbox 432 4174 1461 4243; baseline 0.003 -15"><span class='ocrx_word' id='word_1_189' title='bbox 432 4174 479 4242; x_wconf 71' lang='lat'><strong>27)</strong></span> <span class='ocrx_word' id='word_1_190' title='bbox 499 4179 566 4231; x_wconf 84' lang='lat' dir='ltr'><strong>Vide</strong></span> <span class='ocrx_word' id='word_1_191' title='bbox 584 4192 665 4243; x_wconf 81' lang='lat' dir='ltr'><strong>supro</strong></span> <span class='ocrx_word' id='word_1_192' title='bbox 683 4183 740 4229; x_wconf 88' lang='lat' dir='ltr'><strong>not.</strong></span> <span class='ocrx_word' id='word_1_193' title='bbox 760 4180 804 4229; x_wconf 73' lang='lat' dir='ltr'><strong>ut</strong></span> <span class='ocrx_word' id='word_1_194' title='bbox 993 4174 1039 4241; x_wconf 76' lang='lat'><strong>29)</strong></span> <span class='ocrx_word' id='word_1_195' title='bbox 1069 4177 1146 4229; x_wconf 81' lang='lat' dir='ltr'><strong>Goui.</strong></span> <span class='ocrx_word' id='word_1_196' title='bbox 1181 4175 1271 4230; x_wconf 78' lang='lat' dir='ltr'><strong>Betiti</strong></span> <span class='ocrx_word' id='word_1_197' title='bbox 1306 4184 1332 4229; x_wconf 81' lang='lat' dir='ltr'><strong>et</strong></span> <span class='ocrx_word' id='word_1_198' title='bbox 1370 4179 1461 4231; x_wconf 79' lang='lat' dir='ltr'><strong>Oreiiti</strong></span> 
     </span>
     <span class='ocr_line' id='line_1_29' title="bbox 432 4264 1044 4331; baseline -0.003 -14"><span class='ocrx_word' id='word_1_199' title='bbox 432 4264 480 4331; x_wconf 80' lang='lat'><strong>28)</strong></span> <span class='ocrx_word' id='word_1_200' title='bbox 498 4282 523 4319; x_wconf 87' lang='lat' dir='ltr'><strong>e.</strong></span> <span class='ocrx_word' id='word_1_201' title='bbox 544 4269 587 4320; x_wconf 81' lang='lat'><strong>19.</strong></span> <span class='ocrx_word' id='word_1_202' title='bbox 610 4292 640 4304; x_wconf 90' lang='lat'>-</span> <span class='ocrx_word' id='word_1_203' title='bbox 660 4267 727 4318; x_wconf 81' lang='lat' dir='ltr'><strong>Vide</strong></span> <span class='ocrx_word' id='word_1_204' title='bbox 740 4281 822 4331; x_wconf 80' lang='lat' dir='ltr'><strong>supro</strong></span> <span class='ocrx_word' id='word_1_205' title='bbox 834 4265 863 4330; x_wconf 65' lang='grc'><strong>5.</strong></span> <span class='ocrx_word' id='word_1_206' title='bbox 874 4269 900 4317; x_wconf 69' lang='lat'><strong>2.</strong></span> <span class='ocrx_word' id='word_1_207' title='bbox 958 4273 1044 4318; x_wconf 77' lang='lat' dir='ltr'><strong>notus.</strong></span> 
     </span>
     <span class='ocr_line' id='line_1_30' title="bbox 398 4356 488 4419; baseline -0.056 -12"><span class='ocrx_word' id='word_1_208' title='bbox 398 4370 425 4419; x_wconf 84' lang='lat' dir='ltr'><strong>p.</strong></span> <span class='ocrx_word' id='word_1_209' title='bbox 445 4356 488 4407; x_wconf 74' lang='lat' dir='ltr'><strong>tc.</strong></span> 
     </span>
    </p>
   </div>
   <div class='ocr_carea' id='block_1_8' title="bbox 0 0 1680 5276">
    <p class='ocr_par' dir='ltr' id='par_1_9' title="bbox 0 0 1680 5276">
     <span class='ocr_line' id='line_1_31' title="bbox 0 0 1680 5276; baseline 0 0"><span class='ocrx_word' id='word_1_210' title='bbox 0 0 1680 5276; x_wconf 95' lang='lat' dir='ltr'><strong> </strong></span> 
     </span>
    </p>
   </div>
  </div>
 </body>
</html>
