3352 5276
260 516 297 592 §-
328 506 366 616 9.
410 500 591 603 Deferoaa'o
608 506 648 577 io
664 511 797 604 portes
818 507 990 605 locosque
1007 505 1165 606 dipesio.
1209 507 1270 569 177

272 694 333 759 lv.
355 693 430 759 Non
464 692 597 759 uidetur
625 711 667 759 ex
701 693 823 760 Edicto
854 693 1052 783 possidere,
1088 696 1145 782 qui
1173 697 1271 762 etiam
1290 717 1426 759 rmum.

209 818 399 901 priusquam
433 834 453 880 a
492 815 655 881 Praetore
685 816 892 906 postularet,
929 822 966 881 ut
999 817 1172 902 possidere
1208 818 1271 883 sibi
1323 806 1325 809 ’

208 939 343 1024 liceret,
379 938 414 1001 in
445 940 693 1023 possessionem
724 941 870 1003 miserit.
918 938 965 1005 ,Id
997 957 1078 1003 uero
1111 939 1272 1005 Naeuium

209 1060 431 1142 commisisse,
468 1057 545 1123 inde
573 1058 784 1123 manifestum
812 1062 881 1145 est,
918 1059 1027 1144 quod,
1064 1080 1161 1145 quum
1194 1065 1274 1126 ante

210 1181 295 1248 diem
318 1201 349 1246 v.
371 1179 546 1246 Kalendas
567 1180 786 1247 intercalares
804 1180 999 1247 Praetorem
1021 1180 1177 1265 adiisset,
1200 1185 1274 1266 pri-

210 1305 264 1371 die
286 1307 349 1370 iam
370 1303 546 1370 Kalendas
566 1322 626 1368 eas
648 1304 682 1367 in
704 1301 815 1370 Gallia
839 1300 1015 1384 Quinctius
1036 1305 1078 1369 ab
1100 1305 1157 1389 iis,
1191 1323 1275 1388 quos

209 1426 266 1492 ille
296 1428 451 1514 miserat,
483 1423 525 1490 de
560 1424 664 1489 fundo
701 1422 851 1490 deiectus
888 1428 951 1489 est.
1008 1425 1140 1489 Etenim
1177 1443 1274 1489 nemo

210 1551 324 1632 potest
351 1547 460 1612 triduo
491 1546 599 1612 Itoma
621 1549 716 1610 trans
737 1546 847 1630 Alpes
869 1548 903 1610 in
925 1544 1067 1613 Galliam
1089 1548 1275 1630 peruenire.

210 1686 239 1735 c.
261 1667 411 1732 29-26.

273 1828 315 1893 V.
335 1823 508 1911 Creditur,
542 1830 580 1891 ut
601 1828 781 1892 iustissima
803 1827 833 1891 ei
849 1827 1022 1891 ¹loooooarm
1043 1825 1276 1911 possidendo-

211 1967 290 2015 rum
326 1968 453 2015 caussa
487 1967 529 2013 ex
564 1949 685 2015 Edicto
725 1947 1013 2036 suppeditauerit,
1051 1966 1119 2012 non
1163 1949 1275 2032 potest

212 2074 324 2136 tamen
345 2069 484 2136 iudicari
506 2089 553 2135 ee
573 2069 704 2136 Edicto
723 2072 935 2159 possedisse,
958 2072 1021 2134 nisi
1037 2074 1173 2135 caetera
1189 2088 1277 2154 quo-

214 2211 299 2280 que,
321 2210 407 2277 quae
429 2191 471 2258 de
490 2191 774 2277 adprehendenda
790 2191 1046 2277 exercendaque
1062 2188 1276 2275 possessione

212 2313 335 2380 Edicto
357 2317 537 2400 canentur,
574 2316 734 2400 religiose
756 2312 1000 2380 obs'eruauerit.
1043 2313 1191 2379 Naeuius
1212 2333 1277 2380 au-

212 2441 301 2519 tem,
333 2456 430 2521 quum
453 2435 588 2500 disertis
617 2435 729 2502 Edicti
758 2437 870 2501 uerbis
892 2437 1069 2502 domiuum
1092 2437 1276 2501 detrudere

213 2562 395 2640 notaretur,
416 2567 528 2622 tamen
547 2554 736 2638 Quinctium
759 2556 801 2624 de
824 2555 978 2640 praedio,
1002 2557 1090 2641 quod
1111 2558 1146 2620 in
1167 2554 1278 2623 Gallia

214 2681 323 2761 essct,
343 2681 378 2742 ui
400 2669 618 2744 deiiciendum
641 2679 781 2744 curauit.
832 2674 907 2758 Quo
929 2676 1021 2742 facto
1046 2696 1142 2760 quum
1165 2674 1277 2741 Edicti

215 2803 398 2884 praecepta
426 2800 619 2884 uiolauerit,
651 2817 719 2863 non
741 2797 909 2865 uidebitur
937 2816 980 2863 ex
1010 2797 1131 2864 Edicto
1155 2816 1277 2887 posse-

215 2919 316 3000 disse,
338 2922 467 2987 etiamsi
487 2922 628 2985 maxime
643 2918 819 3002 Quinctius
833 2919 1052 2985 uadimonium
1072 2919 1277 2985 deseruisset

215 3060 279 3108 nec
300 3042 426 3107 absens
447 3041 607 3108 defensus
629 3046 731 3108 esset.
773 3059 802 3108 c.
822 3041 876 3104 27.

277 3200 344 3267 Hic
378 3202 430 3266 est
457 3199 558 3265 index
587 3202 735 3268 locorum
758 3203 917 3284 omnium,
955 3202 1010 3286 qui
1032 3200 1075 3266 ad
1097 3199 1276 3268 secundam

216 3322 476 3388 confirmationis
514 3327 642 3405 partem
682 3325 862 3407 pertinent.
918 3321 1132 3387 Admonendi
1162 3326 1277 3388 autem

215 3464 345 3530 sumus,
375 3462 422 3509 ea
450 3446 580 3509 ratione
607 3445 760 3532 singulos
787 3445 830 3510 ab
866 3447 1000 3509 oratore
1029 3446 1204 3529 constitui,
1240 3445 1278 3507 nt

217 3585 314 3650 quum
337 3584 378 3631 ca
399 3567 495 3649 parte
517 3566 687 3649 pollicitus
709 3567 754 3629 sit
775 3584 813 3630 se
835 3566 1061 3649 probaturum,
1090 3583 1133 3629 ex
1155 3564 1277 3630 Edicto

216 3688 378 3753 Naeuium
405 3660 493 3752 bona
521 3683 668 3767 Quinctii
700 3685 875 3769 possidere
902 3705 969 3750 non
996 3682 1164 3771 potuisse,
1196 3704 1278 3771 prae

217 3828 255 3874 se
279 3808 385 3892 ferat,
420 3825 683 3893 unumquemque
712 3826 775 3872 sua
805 3811 839 3872 ui
863 3825 905 3873 ac
932 3810 1102 3891 potestate
1124 3807 1277 3874 idoneum

218 3948 315 4011 esse,
338 3949 403 4013 quo
424 3931 551 3996 muneri
567 3934 726 4015 suscepto
742 3928 866 3994 affatim
882 3929 1089 3995 satisfecisse
1103 3930 1278 3996 iudicetur.

281 4097 397 4182 Atque
429 4101 466 4162 ut
499 4098 542 4164 ad
580 4099 715 4187 singula
748 4099 806 4162 ilia
839 4101 952 4181 capita
989 4097 1200 4183 accedamus,
1236 4097 1277 4163 de
1296 4097 1375 4194 nipe·
1399 4096 1444 4149 ni·

219 4220 323 4304 primo
347 4217 427 4282 nihil
460 4221 533 4304 esi,
562 4200 729 4304 quadani
758 4220 971 4304 suppleamus
998 4222 1055 4283 aut
1077 4223 1278 4303 repetamus.

218 4339 351 4405 Etenim
378 4338 420 4405 de
449 4343 592 4425 quatuor
628 4342 694 4407 iliis
720 4340 831 4409 Edicti
869 4341 1020 4407 formulis
1052 4341 1277 4425 bonorumque

261 4461 385 4506 semermi,
406 4459 444 4500 un
466 4460 481 4500 r.
986 4461 1024 4521 12
