3420 5280
417 534 453 611 s.
481 524 514 596 1.
567 516 707 596 ludicii
731 524 836 621 oripo
862 531 897 594 et
923 530 1076 594 maiano.
1252 522 1271 579 3

287 713 374 796 Quid
395 715 497 801 igitur
518 712 660 777 Praetor
681 702 857 777 decreuit?
1294 707 1438 805 uffiiiffl·

286 836 411 921 Nempe
422 836 518 900 iussit
533 833 571 899 P.
583 831 768 914 QuinetIum
786 853 858 900 eum
874 828 911 899 S.
926 832 1052 898 Naeuio
1063 834 1273 916 sponsionem

226 958 347 1024 iacere.

288 1077 458 1160 Quomodo
481 1067 763 1161 concipiendam?

287 1200 471 1266 Audiamus
492 1198 632 1263 'Puiiium
654 1200 818 1276 nostrum,
839 1199 893 1282 qui
916 1195 1045 1262 duobus
1064 1196 1148 1262 iocis
1169 1215 1277 1281 spon-

225 1322 329 1387 sionis
349 1322 437 1387 iilius
457 1329 606 1385 tenorem
628 1320 723 1383 nobis
745 1317 892 1384 tradidit.

288 1441 401 1508 Verba
415 1443 486 1506 eius
500 1435 609 1520 (liceat
624 1442 788 1524 tantisper
804 1438 976 1504 Editorum
991 1441 1278 1525 interpretumque

227 1562 491 1640 emendationes,
512 1550 708 1637 uarietates,
731 1562 869 1627 consilia
891 1560 1033 1645 denique·
1054 1564 1162 1626 omnia
1176 1580 1279 1645 prae-

228 1676 419 1762 termittere)
442 1702 485 1747 ex
506 1682 663 1749 Codicum
678 1683 989 1767 manuscriptorum,
1010 1685 1038 1745 si
1052 1701 1117 1746 non
1130 1685 1279 1764 omnium,

228 1809 263 1869 at
284 1806 385 1890 longe
406 1806 538 1869 maioris
559 1805 665 1889 pariis
686 1784 885 1868 auctoritate
908 1803 990 1869 haec
1011 1808 1106 1868 sunt:

291 1944 320 1992 c.
340 1923 370 1990 8.
414 1926 533 1991 «tabet
554 1923 597 1992 P.
620 1922 819 2007 Quinctium
839 1928 1056 2010 sponsionem
1079 1923 1217 2010 fucere:
1240 1921 1281 1989 Sr

232 2066 343 2112 «aona
363 2066 427 2112 sua
444 2066 488 2112 ux
509 2048 635 2113 Porcuo
656 2046 694 2112 Ρ.
709 2047 882 2111 Boanmur
898 2044 1096 2111 Paauooars
1113 2065 1189 2111 orus
1202 2066 1282 2109 xxx.

232 2188 415 2235 «possessa
437 2189 502 2233 non
523 2189 675 2234 ossuum«

290 2309 320 2357 c.
339 2288 391 2355 27.
437 2287 616 2376 «Spormio
644 2309 731 2380 ptrue
758 2294 796 2354 ia
817 2290 925 2355 otardo
944 2288 1046 2374 facto
1074 2286 1154 2355 est?
1176 2285 1216 2355 Si
1239 2310 1282 2353 ax

232 2411 382 2476 «Euromo
393 2410 591 2476 Paauuours
605 2430 694 2475 aona
709 2410 746 2475 P.
757 2409 915 2492 Quinem}
928 2430 1087 2475 possessa
1102 2431 1167 2474 non
1180 2402 1283 2475 sran.’'

293 2532 386 2612 Quae
408 2534 550 2597 sirecte
572 2550 610 2594 se
631 2531 771 2617 habent,
796 2533 887 2594 nuilo
910 2530 1008 2596 dubio
1023 2532 1127 2593 iussit
1142 2529 1285 2594 Praetor

232 2649 419 2731 Quinctium
441 2651 538 2712 talem
554 2651 764 2731 sponsionem
780 2649 910 2732 iacere,
923 2653 969 2712 ut
983 2668 1003 2714 a
1017 2649 1145 2714 Naeuio
1159 2654 1284 2715 certam

233 2771 394 2855 pecuniae
415 2787 569 2834 summam
590 2769 821 2857 stipulamur,
850 2771 911 2834 sub
934 2788 974 2834 ea
995 2769 1205 2836 condicione:
1230 2777 1286 2837 «si

236 2893 349 2956 «doato
360 2909 437 2955 meu
449 2909 495 2954 em
506 2889 635 2955 Edicto
651 2887 695 2956 P.
702 2888 868 2956 Burrieni
878 2889 1060 2958 Praetoris
1072 2893 1145 2958 dies
1157 2891 1286 2958 XXX.

236 3043 248 3073 a
258 3030 419 3100 possesso
440 3030 510 3076 aaa
531 3006 643 3077 arrrtss’
1032 3002 1033 3005 '

296 3132 347 3198 Ea
368 3134 548 3217 sponsione
571 3134 745 3198 contracta
765 3129 940 3214 Quinctius
961 3133 1110 3199 editurus
1125 3138 1197 3199 erat
1213 3135 1286 3199 ior·

235 3254 361 3350 mulam,
376 3272 441 3338 qua
456 3252 643 3317 intenderet
655 3254 845 3337 sponsionis
855 3273 1009 3319 summam
1021 3257 1082 3321 sibi
1098 3255 1170 3320 dari
1182 3276 1286 3341 opor-

235 3387 323 3460 tere,
346 3392 409 3459 qua
434 3375 575 3438 formula
601 3376 750 3440 uicturus
772 3379 861 3458 erat,
884 3372 919 3439 si‘
937 3376 1035 3441 iudici
1057 3378 1285 3464 probauIsset‚

237 3498 321 3561 borna
343 3514 404 3560 sua
432 3514 473 3559 ex
502 3494 623 3561 Edicto
651 3494 690 3561 P.
711 3495 864 3561 Burrieni
886 3495 1057 3561 Praetoris
1082 3496 1153 3562 dies
1173 3497 1288 3563 XXX.

235 3636 393 3702 possessa
407 3636 474 3680 non
492 3634 578 3680 esse.
1108 3704 1112 3711 r

247 3804 249 3807 .
298 3739 347 3802 At
369 3741 451 3802 enim
470 3739 653 3822 quaeritur,
667 3736 890 3803 satisdandum
903 3738 1029 3803 Naeuio
1045 3740 1088 3803 sit
1100 3760 1120 3804 a
1132 3738 1285 3821 Quinctio

236 3878 351 3925 necne.
394 3857 481 3941 Quid
502 3858 545 3924 ad
567 3859 653 3925 lianc
673 3878 742 3924 rem
764 3879 806 3924 ex
827 3860 884 3924 illo
907 3854 1068 3926 decreto?

299 3981 339 4044 ld
372 4000 452 4044 uero
485 3983 538 4045 uel
569 3998 631 4044 sua
658 3985 779 4064 sponte
807 3982 999 4066 apparebit,
1028 4003 1124 4067 quum
1152 3986 1286 4067 primum

238 4101 398 4184 reliquas7
421 4120 502 4186 quas
524 4104 706 4186 posuimus,
729 4101 814 4167 duas
836 4106 1048 4186 quaestiones
1072 4106 1288 4193 attigerimus.

302 4218 387 4301 Quid
419 4223 521 4308 igitur
553 4223 607 4297 (ea
635 4225 742 4288 altera
768 4220 833 4296 est)
860 4230 974 4310 potuit
1001 4225 1143 4291 Praetor
1169 4224 1211 4291 de
1232 4229 1286 4291 iila
1307 4231 1453 4325 „futilem

240 4339 420 4406 satisdandi
443 4345 671 4409 controuersia
694 4339 900 4411 decernere?
1307 4344 1419 4382 dmm·
