3352 5276
398 497 442 558 92
495 490 590 613 Gap.
617 494 653 569 Ι.
704 491 766 570 De
790 496 876 571 iare
902 515 1064 569 eaaaaae
1093 491 1354 609 Quinetiam.

260 772 264 782 Ι
287 684 377 775 “³25
459 679 696 764 Ferrattur³⁶l
718 684 794 751 dum
816 682 987 751 collaudat
1008 683 1219 771 Lambinnm,
1241 683 1330 770 quod
1351 685 1458 751 locum

252 800 277 839 '⁰·
325 840 330 845 ·
396 811 497 876 antee
518 811 710 894 corruptum
731 824 853 896 magne
870 824 915 872 ex
930 807 1027 892 parte
1042 806 1244 893 restituerit,
1267 809 1339 891 ipse
1354 807 1458 872 uerbo

394 933 445 1029 aie
467 929 620 997 exhibet:

458 1100 549 1190 quod
576 1096 730 1205 Praetor
758 1097 855 1185 fiat,
881 1100 945 1166 sed
970 1118 1041 1165 nou
1066 1099 1146 1186 fieti
1173 1117 1220 1165 ea
1241 1096 1372 1166 Edicto
1393 1118 1457 1165 ouo

458 1220 608 1288 lubebat.
1362 1222 1365 1225 ’

457 1400 508 1466 At
528 1397 709 1484 Lambini,
727 1417 823 1485 quam
838 1397 918 1466 dicit
937 1389 1156 1480 (Hotomaul
1171 1400 1284 1484 potiua
1298 1389 1455 1489 dixerit),

394 1523 703 1607 interpretationem
726 1523 848 1607 optime
868 1520 996 1587 refellit
1018 1539 1061 1587 ex
1082 1521 1195 1587 nerbia
1212 1538 1320 1610 atowe
1336 1538 1456 1609 queue-

394 1663 497 1734 paam
518 1642 705 1713 attinebat.
755 1640 860 1725 Quam
882 1660 1002 1708 nouam
1024 1643 1180 1731 protulit,
1208 1659 1314 1728 aeque
1336 1640 1456 1727 displi-

394 1767 465 1851 eet,
493 1763 650 1831 uidelicet
671 1763 756 1832 bueo
776 1766 882 1832 uerbo
902 1764 945 1831 ad
966 1766 1255 1851 perseuerantiam
1282 1763 1456 1830 Praetoris

394 1885 530 1973 referri,
552 1888 647 1953 euius
668 1887 915 1977 expugnandae
936 1888 1029 1953 nulla
1050 1907 1130 1973 spes
1143 1887 1279 1952 fuisset:
1301 1886 1454 1970 exemplo

394 2025 486 2096 esse,
515 2006 605 2095 quod
632 2010 667 2074 in
688 2027 717 2076 e.
738 2008 767 2074 8.
789 2007 993 2076 Dolabellae
1020 2009 1175 2077 Praetori
1207 2009 1293 2083 idem
1327 2009 1455 2077 obiice·

391 2123 543 2210 retur³⁷).

393 2413 453 2451 aeae
468 2401 585 2452 uidetur·
603 2402 737 2455 Nimirum
748 2403 805 2466 iiie,
818 2417 896 2468 prae·
953 2404 1163 2457 oaedNeeuium
1173 2403 1454 2467 iuerirreboanuio·

393 2489 445 2540 fixe
471 2490 580 2554 quidam
605 2490 674 2542 talea
700 2492 818 2543 tectione
841 2507 896 2544 ooo
952 2494 1020 2544 aetii
1038 2494 1081 2544 aui
1099 2493 1227 2544 debitoris
1246 2506 1277 2544 er
1293 2482 1386 2543 Edicto
1404 2505 1454 2543 auo

391 2577 470 2627 modo
481 2579 547 2644 fieri,
562 2580 643 2632 «Non
655 2581 781 2644 iubebat,
797 2582 893 2645 inquit,
952 2583 1130 2647 «possidere,
1157 2582 1175 2632 t.
1196 2595 1222 2633 a.
1241 2582 1391 2633 secundum
1410 2582 1452 2642 id,

393 2667 526 2720 «Praetor
544 2670 666 2733 praecise
684 2669 761 2732 fleri,
789 2670 837 2721 aed
856 2671 895 2721 iu·
953 2672 1047 2736 equod
1066 2673 1094 2722 in
1113 2670 1207 2722 Edicto
1230 2671 1263 2721 de
1287 2671 1454 2721 debitoribus

392 2756 495 2807 abebat
504 2757 562 2822 fieri
573 2771 607 2808 aa
619 2757 744 2808 Euteto.»
763 2759 815 2809 ilio
826 2773 895 2811 uero
952 2761 1143 2811 «latitantibus
1153 2746 1283 2823 e‘oripturu
1293 2765 1365 2810 earet
1374 2773 1381 2819 ;
1391 2773 1454 2810 oum

392 2844 426 2894 rie
442 2844 577 2896 iaetione:
598 2845 679 2896 «Noa
692 2846 767 2912 fieri:
786 2848 831 2898 Sic
849 2861 896 2899 ue·
951 2850 1057 2913 «igitur
1073 2849 1180 2898 nullum
1192 2849 1307 2898 uerbum
1319 2848 1406 2898 Edieti
1419 2849 1453 2898 ab

393 2938 486 2984 «terea
512 2933 592 2995 iibri,
623 2938 650 2984 et
676 2935 764 2984 mator
787 2936 829 2986 uie
854 2940 895 2986 eet
953 2937 1134 3000 «Quinotium
1170 2938 1337 3001 pertineret,
1373 2936 1453 2987 nibiii

393 3034 496 3086 aquam
514 3021 538 3071 ei
556 3020 664 3084 tegatur
680 3027 710 3074 ut
725 3029 820 3077 antea:
839 3038 895 3075 aon
951 3027 1059 3080 oieieaa
1072 3026 1140 3079 iliud
1156 3027 1275 3089 iussum,
1294 3026 1408 3090 perinde
1420 3038 1453 3075 ee

393 3109 496 3158 amodo
516 3110 602 3175 tert.»
638 3111 679 3185 lte
696 3124 796 3163 tenso:
817 3112 895 3165 «Cur
951 3121 995 3171 «ai
1013 3119 1129 3171 alieuius
1147 3129 1240 3167 toruos
1259 3116 1381 3166 iosoiorot
1392 3128 1453 3179 poe·

394 3199 491 3248 renim
503 3198 647 3263 quisqam
659 3207 807 3262 mutaret,
821 3203 894 3266 quot
950 3210 1069 3269 «rideri,
1090 3207 1133 3258 oei
1152 3209 1288 3257 constaret
1303 3203 1394 3255 multoe
1409 3217 1453 3254 ue·

391 3285 524 3339 «Praetor
542 3301 598 3338 non
611 3301 643 3338 ex
657 3290 769 3341 arbitrio
784 3304 833 3341 ruo
845 3293 893 3344 aad
950 3312 1056 3363 «quam
1074 3309 1169 3347 reruoa
1187 3294 1299 3344 tuisne.»

391 3387 445 3427 «ax
463 3376 552 3428 edicto
569 3376 629 3428 fleri
647 3378 802 3430 iubebatto
819 3405 846 3416 -
983 3382 1030 3449 36)
1047 3386 1132 3450 Epist.
1146 3384 1204 3435 Lib.
1218 3382 1263 3435 lv.
1278 3381 1327 3446 Ep.
1342 3380 1370 3431 t.
1384 3393 1406 3430 a.
1422 3379 1450 3429 o.

423 3462 528 3514 Rouiur
551 3466 670 3532 denique
694 3466 715 3517 1.
737 3467 756 3519 i.
781 3483 808 3532 p·
826 3469 890 3531 bb..
949 3475 1092 3535 «Praetor,
1106 3473 1208 3537 inquit,
1221 3477 1316 3522 eontra
1328 3470 1453 3520 Edictum

390 3553 516 3618 quamuis
541 3555 614 3606 eirea
638 3568 763 3606 mursam
787 3570 893 3620 porree-
949 3578 1050 3615 «auom
1077 3568 1105 3615 at
1123 3562 1217 3626 iniqua
1242 3559 1405 3611 decernebat
1423 3558 1451 3608 in

389 3644 473 3695 aionia
487 3644 620 3706 petendae
632 3650 713 3708 atque
728 3651 835 3711 tempus
847 3647 892 3697 rie·
949 3652 1144 3718 «Quinotium
1166 3683 1173 3698 .
1189 3682 1196 3697 .
1212 3682 1219 3697 .
1238 3648 1309 3712 apud
1329 3646 1451 3697 lodioem

388 3730 521 3783 taurionis
543 3731 700 3785 offerendae
723 3736 892 3797 grauissimis
948 3747 1079 3804 «autem,
1107 3739 1153 3803 qut
1174 3737 1263 3788 eoiana
1282 3734 1383 3786 iodtoat
1401 3732 1450 3783 ini·

388 3821 528 3872 erroribus
545 3826 654 3885 eaptus,
673 3828 765 3875 tamen
783 3825 817 3876 da
831 3838 892 3876 uer·
948 3843 1037 3895 eque,
1056 3827 1156 3881 trustra
1175 3824 1382 3883 contendimus,
1404 3833 1450 3871 ne·

389 3910 431 3960 bia
449 3898 593 3974 propositis
612 3911 685 3963 baud
702 3912 825 3964 maletto
839 3919 892 3965 tra·
948 3931 1024 3983 aque
1051 3916 1180 3969 Oratione
1209 3922 1278 3977 opor
1309 3915 1350 3962 eat
1378 3908 1450 3974 aput

389 4004 459 4050 etat:
487 3998 569 4050 «Nou
586 4000 660 4049 anim
678 4014 710 4052 ex
728 4013 778 4051 aue
800 4009 891 4054 aueto-
948 4020 1031 4058 «eum
1050 4006 1222 4064 Praetorem,
1242 4002 1290 4065 qui
1301 4005 1396 4051 eontra
1408 3999 1450 4047 irre

389 4088 489 4139 «ritate
498 4081 654 4139 Praetorem
663 4089 773 4141 turritae
784 4087 891 4154 (Cicero
948 4095 1030 4145 uouit
1053 4092 1192 4157 quippiam
1214 4090 1380 4149 decernere,
1410 4086 1449 4136 io-

390 4172 460 4239 uait)
474 4178 545 4229 bona
559 4179 678 4241 Quinctii
690 4192 706 4230 a
717 4181 820 4233 Naeuio
831 4195 890 4245 poe·
948 4196 1022 4248 «que
1041 4183 1129 4232 aciens
1148 4185 1175 4229 et
1193 4180 1311 4243 prudens
1329 4176 1416 4226 uuit.»

390 4265 516 4318 raideri:
546 4281 611 4317 uam
640 4272 736 4318 eontra
760 4269 890 4318 iniuriam
981 4270 1026 4335 37)
1046 4268 1207 4320 «Dolabella
1227 4301 1233 4314 .
1255 4301 1262 4314 .
1285 4299 1292 4313 .
1318 4265 1449 4314 iniuriam

389 4352 546 4407 «Praetaui
558 4357 717 4419 oportaieaet
728 4357 874 4407 reclamare
879 4372 888 4415 ‚·
947 4358 1054 4421 elaeae
1071 4358 1216 4421 fortissime
1231 4357 1413 4417 parauerat.»
