3352 5276
428 486 492 575 litt
542 480 635 581 Gap.
664 483 698 558 1.
749 482 812 558 De
837 486 922 559 iure
948 507 1109 559 caussae
1138 480 1401 570 Quinctianae.

270 683 406 780 53:2⁶2
488 673 580 740 bieco
601 674 705 762 igitur
725 674 866 739 alterum
888 675 1092 758 exemplum,
1123 673 1193 758 ubi,
1226 670 1366 757 perinde
1388 674 1491 756 atque

269 798 348 850 ,nnn
380 753 393 791 P
425 798 459 859 in
492 792 640 876 Quinctii
672 814 794 861 caussa
827 797 1019 879 statuimus,
1056 793 1145 880 quod
1175 795 1209 859 in
1242 796 1315 858 iure
1347 791 1491 857 dicendo

426 916 568 982 Praetor
604 916 780 1000 decreuit,
822 918 1027 983 tribunorum
1067 917 1176 1001 piebis
1215 913 1491 1001 appellandorum

425 1056 577 1104 caussam
600 1039 706 1123 iisque
729 1037 957 1127 cognoscendi
979 1039 1149 1102 materiam
1176 1038 1348 1121 praebuit,
1384 1037 1491 1120 ipsum

425 1178 523 1247 uero,
556 1159 644 1244 quod
674 1160 868 1245 petebatur,
905 1161 1062 1224 auxilium
1094 1160 1225 1223 nonnisi
1254 1159 1399 1223 futuram
1425 1158 1491 1220 uim

425 1284 572 1366 imperii,
593 1284 674 1346 iuris
697 1290 730 1346 et
753 1281 880 1348 decreti
896 1279 1100 1365 exsequendi
1117 1278 1390 1364 coercendosque
1404 1296 1494 1344 con-

426 1407 590 1471 tumaciae
613 1420 734 1470 caussa
755 1402 994 1486 adhibendam,
1016 1404 1173 1487 spectare
1196 1403 1315 1486 potuit.

274 1584 407 1680 ,„⁰⁰”‘”j{
489 1583 558 1646 Iam
587 1599 684 1665 quum
714 1562 925 1664 perspicuum
955 1583 1020 1668 sit,
1057 1599 1121 1664 quo
1152 1577 1268 1643 ordine
1297 1583 1331 1643 et
1353 1578 1493 1664 effectu,

273 1711 348 1737 ‘⁰¹¹¹‘
370 1699 407 1737 ⁰³·
427 1721 491 1787 qna
521 1701 662 1787 denique
694 1704 855 1787 uniuersa
878 1704 1009 1767 ratione
1041 1702 1250 1766 tribunicium
1281 1699 1362 1764 illud
1391 1701 1493 1764 auxi-

425 1826 528 1910 lium,
544 1823 632 1909 quod
653 1824 800 1889 Alienus
821 1824 1017 1908 implorasse
1041 1822 1178 1910 dicitur,
1200 1841 1243 1887 ex
1265 1822 1346 1885 iuris
1368 1821 1495 1905 publici

426 1947 614 2030 priuatique
645 1945 752 2011 forma
781 1946 899 2031 inerit3
933 1945 1084 2027 sequitur
1111 1947 1149 2007 ut
1179 1942 1371 2021 uideamus,
1406 1960 1494 2028 quae

427 2067 468 2131 de
490 2048 556 2131 ista
579 2067 784 2131 tribunorum
807 2067 1034 2151 appellatione
1056 2067 1089 2128 in
1105 2083 1225 2130 caussa
1241 2060 1388 2144 Quinctii
1404 2065 1495 2129 inter

426 2187 621 2254 Ciceronem
644 2190 679 2253 et
700 2178 935 2270 Hortensium,
956 2187 1074 2252 Naeuii
1096 2190 1285 2274 patronum,
1306 2188 1340 2249 in
1362 2188 1496 2251 utram-

427 2327 491 2397 que
512 2314 641 2396 partem
665 2302 838 2395 disputata
863 2309 942 2374 sint.
1025 2360 1030 2367 .

489 2487 633 2553 Primum
656 2490 726 2573 est,
758 2485 847 2571 quod
869 2485 1071 2551 Hortensius
1095 2485 1205 2551 fertur
1232 2503 1394 2572 negasse,
1426 2484 1494 2547 tri-

427 2612 559 2678 bunicio
581 2613 890 2696 auxilio,etiumst
911 2609 1024 2674 iatum
1045 2612 1137 2675 esset
1151 2604 1298 2697 Alfeno,
1321 2607 1407 2672 cilici
1426 2625 1494 2691 po-

426 2736 550 2814 tuisse,
573 2734 747 2817 quominus
769 2733 858 2797 bona
879 2728 1027 2816 Quinctii
1043 2748 1086 2795 ex
1103 2728 1225 2794 Edicto
1241 2747 1400 2812 possessa
1414 2746 1494 2793 esse

427 2854 639 2919 uiderentur:
674 2855 823 2917 nimirum
853 2854 908 2937 qui
936 2852 1152 2934 commiserit,
1187 2853 1224 2914 ut
1251 2851 1339 2914 bona
1365 2868 1426 2914 sua
1448 2868 1494 2913 ex

429 2975 551 3041 Edicto
574 2994 595 3040 a
617 2974 780 3039 Praetore
803 2972 966 3058 possideri
989 2973 1199 3059 iuberentur,
1224 2973 1271 3036 ita
1293 2971 1398 3036 solum
1420 2973 1495 3036 eius

428 3099 509 3159 iuris
532 3096 653 3161 effectu
675 3095 892 3179 molestiaque
913 3096 998 3159 solui
1021 3112 1061 3160 ao
1085 3095 1218 3159 liberari
1240 3111 1359 3180 posse,
1383 3093 1411 3156 si
1433 3098 1494 3156 aut

429 3220 555 3301 ipsese
573 3221 630 3282 aut
653 3221 853 3301 procurator
875 3217 1013 3300 iudicio,
1035 3216 1083 3279 uti
1107 3218 1296 3301 oporteret,
1317 3213 1494 3280 defendis-

428 3533 585 3598 srceptioue
611 3533 767 3596 impeditam
796 3533 932 3584 actionem
989 3532 1022 3582 iis
1040 3531 1160 3594 expediri
1180 3535 1280 3593 posset.
1298 3554 1328 3567 -
1348 3532 1408 3593 Quo
1420 3531 1494 3582 iacto

428 3637 511 3687 quom
541 3635 638 3685 purum
668 3621 930 3685 plenissimamque,
988 3620 1061 3670 idem
1080 3633 1146 3669 ssue
1166 3620 1252 3669 exitus
1276 3621 1431 3683 apparebit,
1460 3634 1494 3671 ae

428 3712 475 3761 sed
505 3724 575 3774 quae
606 3711 776 3760 tribunorum
803 3711 932 3761 interces-
988 3709 1011 3758 si
1029 3708 1199 3757 tribunorum
1215 3707 1292 3757 iussu
1310 3708 1356 3758 uei
1374 3709 1408 3758 ab
1425 3710 1495 3771 ipsis

428 3800 505 3849 sione
522 3800 596 3848 irrita
613 3799 784 3854 redderetur,
806 3799 931 3862 impetra·
987 3796 1411 3857 tribunisscceptiouddituesset.
1421 3798 1493 3860 Quid

429 3900 469 3937 re.
496 3912 524 3923 -
555 3886 626 3948 Quid
650 3888 684 3936 ed
708 3887 776 3936 haee
799 3886 931 3937 Praetori
988 3886 1071 3948 igitur
1088 3886 1203 3944 mirum,
1224 3885 1270 3935 ubi
1286 3886 1327 3936 rei
1345 3887 1388 3936 nis
1405 3887 1493 3948 magis

430 3974 509 4025 ilsud
527 3975 687 4024 obstinatior
705 3975 751 4025 ille
769 3987 852 4038 quom
874 3976 931 4038 ipse
987 3979 1015 4025 ei
1045 3973 1156 4023 edoctus
1190 3986 1273 4035 quam
1305 3974 1371 4024 iuris
1401 3976 1493 4037 apices

429 4069 519 4123 actor,
540 4068 620 4126 puto,
639 4063 809 4113 tribunorum
823 4064 931 4115 decreto
987 4068 1158 4127 spectentur,
1185 4062 1309 4113 tribunos
1333 4063 1371 4126 pl.
1391 4063 1444 4113 dici
1464 4064 1493 4113 iu

429 4158 456 4203 st
472 4152 625 4202 auctoritati
644 4152 773 4212 cesserit,
799 4153 932 4215 exceptio·
986 4152 1133 4203 formulam
1158 4150 1261 4213 aliquid
1286 4156 1334 4202 aut
1354 4152 1494 4203 addidisse

429 4254 493 4291 nem
519 4241 594 4290 iliam
621 4237 758 4302 (rnruars)
780 4253 812 4290 ex
836 4253 931 4290 eorum
986 4247 1034 4292 aut
1052 4256 1107 4294 nou
1125 4243 1284 4294 addidisset

428 4330 562 4379 sententis
585 4329 735 4390 addiderit,
767 4342 821 4391 quo
844 4314 930 4391 magis
1254 4328 1258 4335 “
