3420 5280
279 535 316 612 s.
343 523 383 597 3.
418 519 480 596 De
494 524 728 623 possessione
745 528 782 595 et
797 520 1012 597 uenditioree
1029 524 1219 600 bonorum.
1246 525 1287 587 ⁷5

228 713 420 797 priusquam
443 709 695 795 addicerentur,
728 685 868 794 semper¹
886 710 1049 778 Praetore
1070 712 1163 778 adito
1184 717 1285 800 atque
1321 714 1425 757 “istit

227 837 365 899 auctore
393 833 485 898 iacto
516 852 601 918 opus
632 833 732 897 inerit
748 823 802 912 ¹⁵),
837 851 881 896 an
909 836 989 898 tunc
1016 834 1122 899 solum
1143 834 1187 901 ad
1209 855 1282 902 cam

227 973 295 1019 rem
317 954 490 1020 Praetoris
512 954 658 1019 oificium'
675 951 783 1018 denuo
805 955 1040 1042 interueniunt,
1067 973 1140 1022 eum
1161 960 1220 1021 aut
1243 958 1285 1023 de

227 1079 376 1160 emptore
408 1074 563 1164 eligendo
595 1078 652 1139 aut
684 1075 750 1139 alia
784 1074 825 1163 de
858 1086 912 1164 re,
947 1094 1031 1160 quae
1062 1075 1285 1145 addictionem

228 1201 414 1282 spectaret,
446 1197 676 1262 controuersia
698 1199 778 1260 nata
799 1199 890 1261 esset
908 1192 958 1270 16).
1000 1196 1084 1262 Nam
1107 1197 1285 1282 quodcun-

228 1310 291 1401 'que
319 1321 391 1384 eius
424 1319 560 1407 generis
595 1319 763 1383 certamen
796 1316 837 1381 de
865 1317 1060 1406 peragenda
1090 1318 1285 1387 uenditione

227 1442 314 1504 inter
336 1439 520 1506 creditores
541 1440 717 1525 existeret,
738 1436 772 1501 id
794 1437 991 1526 aPraetore
1013 1457 1133 1506 caussa
1147 1444 1286 1529 cognita

227 1562 491 1646 interpositoque
524 1558 660 1625 decreto
686 1558 906 1639 (dirimendum
945 1559 1049 1626 fuisse
1069 1556 1127 1647 ¹⁷),
1162 1564 1285 1628 nullam

226 1684 345 1767 recipit
368 1681 615 1749 dubitationem.

288 1840 462 1905 Caeterum
486 1837 682 1903 admonendi
704 1858 831 1921 sumus,
853 1837 928 1903 dum
951 1839 1040 1904 bona
1060 1841 1199 1925 emptori
1220 1840 1285 1907 ad-

228 1962 318 2027 dicta
339 1964 469 2041 essent,
503 1979 608 2045 usque
637 1959 820 2026 debitorem
850 1962 935 2026 omni
964 1961 1124 2027 bonorum
1151 1983 1285 2028 suorum

228 2087 262 2148 et
285 2083 498 2167 possessione
521 2084 555 2146 et
578 2081 769 2146 uenditione
790 2082 924 2148 liberari
945 2084 1096 2168 soluique
1125 2085 1285 2168 potuisse,

226 2203 398 2270 dummodo
421 2203 640 2272 creditoribus
662 2206 720 2268 aut
733 2202 932 2291 satisfieret,
954 2208 1012 2270 aut
1029 2206 1118 2270 iusta
1133 2203 1283 2272 defensio
1354 2198 1361 2206 ’

225 2329 296 2391 siue
325 2328 367 2392 ab
397 2328 470 2411 ipso
504 2327 575 2391 siue
603 2343 625 2390 a
653 2326 800 2410 quolibet
829 2326 894 2389 alio
925 2325 1112 2391 offerretur.
1155 2327 1286 2392 Deien-
1319 2378 1330 2457 N

225 2450 350 2512 sionem
372 2452 499 2526 autem,
531 2448 602 2511 siue
625 2465 685 2530 pro
716 2445 847 2511 domino
879 2451 1092 2530 procurator,
1124 2450 1195 2513 sine
1222 2447 1286 2512 do·
1329 2460 1334 2491 ἰ

225 2571 331 2632 minus
352 2587 413 2631 suo
436 2569 565 2631 nomine
587 2565 738 2631 iudicium
761 2568 914 2649 accipere
936 2570 1074 2651 paratus
1096 2572 1200 2651 esset,
1222 2569 1285 2633 nisi
1338 2590 1348 2607 ·“

226 2687 389 2753 satisdato
417 2688 537 2751 iustam
560 2689 628 2768 iam
657 2685 722 2752 hoc
751 2689 900 2769 tempore
929 2678 984 2767 (h.
1006 2704 1036 2778 ο,
1063 2688 1286 2754 anterioribus
1343 2756 1345 2769 ,

226 2810 292 2873 iilis
321 2810 461 2898 triginta
489 2808 605 2875 diebus
636 2798 781 2893 elapsis]
804 2807 927 2872 nullam
949 2808 1074 2892 fuisse,
1108 2807 1286 2876 indubitati
1337 2786 1358 2837 '¹

226 2933 310 2997 iuris.
329 2934 382 2995 est
396 2926 447 3004 18).

260 3236 304 3291 15)
331 3235 429 3286 Stieber
458 3236 478 3285 l.
505 3236 525 3285 l.
558 3249 585 3298 p.
613 3234 656 3284 66.
689 3234 726 3284 ita

226 3325 351 3387 scripsit:
372 3324 521 3386 «Magister
541 3324 584 3384 ci,
604 3324 651 3387 qui
670 3323 727 3386 plu·

783 3241 915 3285 uueueunt
935 3236 1075 3298 debitam,
1100 3239 1130 3287 in
1150 3252 1285 3301 comparo·

783 3310 901 3373 ettonem
918 3326 1037 3375 extranei
1053 3331 1078 3375 et
1099 3327 1153 3376 eius
1169 3329 1216 3390 qui
1231 3340 1285 3379 ere·

227 3415 347 3463 «timum
378 3411 527 3471 obtulerat,
555 3411 727 3463 hauddubie

227 3515 340 3552 «rursus
368 3502 554 3550 consentiente
582 3506 609 3549 et
635 3500 727 3549 decer·

226 3598 330 3644 »neure
351 3591 477 3641 Praetore
503 3590 573 3638 bona
598 3588 727 3637 debitoris

226 3681 417 3733 «addicebat»
454 3676 728 3728 Similiterliromeru

225 3772 245 3820 l.
264 3771 284 3820 l.
305 3785 331 3833 p.
351 3770 412 3819 253.
450 3767 548 3817 Contra
567 3779 633 3815 uero
652 3765 727 3814 oeru-

224 3858 434 3922 munn·Hoitwep
451 3856 471 3905 Ι.
484 3855 502 3906 l.
519 3869 544 3917 p.
556 3853 614 3904 366.
641 3853 728 3917 Puppi

227 3946 248 3995 l.
266 3946 285 3995 l.
307 3971 337 3981 -
376 3944 531 4007 Tbeopbilur
555 3941 726 3991 indistinete:

228 4041 311 4082 «tune
327 4022 516 4096 patrimonium
543 4030 654 4094 emptori
677 4031 728 4080 od-

229 4122 411 4171 «dicebatur»

263 4208 308 4261 16)
336 4209 366 4258 L.
397 4206 440 4256 16.
476 4207 514 4257 De
541 4208 599 4258 reb.
622 4213 724 4258 auctor.

228 4298 284 4347 iud.
301 4311 345 4360 po.
383 4291 476 4356 (tinius
488 4295 533 4345 tib.
551 4295 595 4345 24.
613 4297 648 4345 ed
665 4295 727 4345 Edi-

228 4393 297 4436 ctum
328 4380 503 4448 prouinciote)
541 4383 628 4433 ocum
660 4383 728 4434 bono

783 3412 878 3460 «ditor
895 3418 1053 3476 copuoturue
1068 3415 1120 3470 eit,
1138 3416 1227 3476 potior
1239 3416 1285 3466 bo-

784 3499 878 3549 ebetur
893 3501 1006 3549 creditor
1017 3507 1189 3565 eopnotuaue:
1202 3505 1286 3568 mepte

783 3601 797 3631 «
808 3594 895 3637 tomen
916 3588 1030 3637 creditor
1042 3602 1122 3651 quom
1138 3596 1283 3653 sopiretur,

785 3678 832 3723 oet
850 3675 920 3723 inter
937 3675 1078 3723 creditores
1087 3678 1177 3737 potior
1192 3679 1225 3738 te,
1244 3680 1286 3729 eui

784 3764 891 3810 «metor
904 3762 1016 3823 pecunia
1033 3763 1191 3814 debebitur.»

819 3842 861 3905 17)
881 3847 961 3899 Comi.
981 3849 1011 3898 L.
1031 3848 1058 3900 8.
1079 3848 1107 3912 §.
1124 3852 1151 3903 li.
1189 3853 1219 3903 L.
1240 3854 1282 3906 15.

782 3937 822 3990 De
842 3938 900 3988 reb.
915 3943 1017 3987 auctor.
1037 3938 1092 3987 iud.
1110 3953 1155 4002 po.

817 4023 862 4088 18)
881 4026 1047 4088 argumento
1060 4033 1140 4078 sunt:
1155 4030 1284 4082 uniuersa

782 4129 878 4165 caussa
893 4115 1071 4178 Quinctiana,
1088 4115 1206 4168 termula
1224 4119 1285 4168 Edi·

783 4204 817 4254 cti
837 4205 865 4253 in
883 4218 907 4253 c.
926 4203 953 4255 8.
970 4204 1081 4254 recitata
1105 4206 1179 4263 (uide
1203 4219 1284 4269 snpra

783 4307 810 4357 p.
823 4292 867 4342 73.
887 4297 944 4343 not.
964 4293 992 4342 7.
1014 4295 1109 4355 extr-i,
1135 4293 1217 4344 Gaius
1231 4295 1284 4356 111,

784 4381 845 4443 tib,
864 4382 894 4431 L.
911 4380 955 4432 63.
969 4377 998 4443 §-
1014 4381 1040 4430 1.
1061 4381 1099 4432 De
1113 4380 1165 4432 reb.
1180 4388 1283 4432 auctor.
