<?xml version="1.0" encoding="UTF-8"?>
<!DOCTYPE html PUBLIC "-//W3C//DTD XHTML 1.0 Transitional//EN"
    "http://www.w3.org/TR/xhtml1/DTD/xhtml1-transitional.dtd">
<html xmlns="http://www.w3.org/1999/xhtml" xml:lang="en" lang="en">
 <head>
  <title>
</title>
<meta http-equiv="Content-Type" content="text/html;charset=utf-8" />
  <meta name='ocr-system' content='tesseract 3.04.00' />
  <meta name='ocr-capabilities' content='ocr_page ocr_carea ocr_par ocr_line ocrx_word'/>
</head>
<body>
  <div class='ocr_page' id='page_1' title='image "./semestriumadmtu01kellgoog_0074.png"; bbox 0 0 3420 5280; ppageno 0'>
   <div class='ocr_carea' id='block_1_1' title="bbox 321 460 1305 565">
    <p class='ocr_par' dir='ltr' id='par_1_1' title="bbox 321 460 1305 565">
     <span class='ocr_line' id='line_1_1' title="bbox 321 460 1305 565; baseline 0.002 -28"><span class='ocrx_word' id='word_1_1' title='bbox 321 476 359 553; x_wconf 76' lang='lat' dir='ltr'><strong>s.</strong></span> <span class='ocrx_word' id='word_1_2' title='bbox 385 464 428 545; x_wconf 69' lang='grc'><strong>2.</strong></span> <span class='ocrx_word' id='word_1_3' title='bbox 484 462 568 552; x_wconf 77' lang='lat' dir='ltr'><strong>Qaeo</strong></span> <span class='ocrx_word' id='word_1_4' title='bbox 592 465 679 538; x_wconf 78' lang='lat' dir='ltr'><strong>iure</strong></span> <span class='ocrx_word' id='word_1_5' title='bbox 702 460 766 538; x_wconf 82' lang='grc' dir='ltr'><strong>Ν’.</strong></span> <span class='ocrx_word' id='word_1_6' title='bbox 787 465 883 537; x_wconf 82' lang='lat' dir='ltr'><strong>bono</strong></span> <span class='ocrx_word' id='word_1_7' title='bbox 911 462 971 552; x_wconf 61' lang='lat' dir='ltr'><strong>Qe.</strong></span> <span class='ocrx_word' id='word_1_8' title='bbox 994 460 1215 565; x_wconf 68' lang='lat' dir='ltr'><strong>possederit.</strong></span> <span class='ocrx_word' id='word_1_9' title='bbox 1264 467 1305 529; x_wconf 80' lang='lat'><strong>55</strong></span> 
     </span>
    </p>
   </div>
   <div class='ocr_carea' id='block_1_2' title="bbox 244 652 1471 1589">
    <p class='ocr_par' dir='ltr' id='par_1_2' title="bbox 244 652 1471 1225">
     <span class='ocr_line' id='line_1_2' title="bbox 246 652 1471 760; baseline 0.001 -43"><span class='ocrx_word' id='word_1_10' title='bbox 246 670 312 737; x_wconf 81' lang='lat' dir='ltr'><strong>qua</strong></span> <span class='ocrx_word' id='word_1_11' title='bbox 332 671 377 720; x_wconf 88' lang='lat' dir='ltr'><strong>ex</strong></span> <span class='ocrx_word' id='word_1_12' title='bbox 396 652 461 719; x_wconf 91' lang='lat' dir='ltr'><strong>hoc</strong></span> <span class='ocrx_word' id='word_1_13' title='bbox 489 652 629 735; x_wconf 78' lang='lat' dir='ltr'><strong>Edicto,</strong></span> <span class='ocrx_word' id='word_1_14' title='bbox 657 656 695 718; x_wconf 93' lang='lat' dir='ltr'><strong>ut</strong></span> <span class='ocrx_word' id='word_1_15' title='bbox 722 654 811 718; x_wconf 88' lang='lat' dir='ltr'><strong>bona</strong></span> <span class='ocrx_word' id='word_1_16' title='bbox 839 652 1113 737; x_wconf 75' lang='lat' dir='ltr'>possiderentur,</span> <span class='ocrx_word' id='word_1_17' title='bbox 1147 654 1307 720; x_wconf 81' lang='lat' dir='ltr'><strong>committi</strong></span> <span class='ocrx_word' id='word_1_18' title='bbox 1324 652 1471 760; x_wconf 45' lang='lat' dir='ltr'><strong>,lxm-</strong></span> 
     </span>
     <span class='ocr_line' id='line_1_3' title="bbox 246 772 1307 863; baseline 0.001 -24"><span class='ocrx_word' id='word_1_19' title='bbox 246 775 408 861; x_wconf 82' lang='lat' dir='ltr'><strong>pomero,</strong></span> <span class='ocrx_word' id='word_1_20' title='bbox 430 772 545 840; x_wconf 89' lang='lat' dir='ltr'><strong>eodem</strong></span> <span class='ocrx_word' id='word_1_21' title='bbox 567 793 693 863; x_wconf 78' lang='lat' dir='ltr'><strong>genere</strong></span> <span class='ocrx_word' id='word_1_22' title='bbox 716 777 751 840; x_wconf 89' lang='lat' dir='ltr'><strong>et</strong></span> <span class='ocrx_word' id='word_1_23' title='bbox 773 775 889 839; x_wconf 93' lang='lat' dir='ltr'><strong>ordine</strong></span> <span class='ocrx_word' id='word_1_24' title='bbox 910 793 951 841; x_wconf 88' lang='lat' dir='ltr'><strong>ae</strong></span> <span class='ocrx_word' id='word_1_25' title='bbox 973 779 1117 861; x_wconf 83' lang='lat' dir='ltr'><strong>quatuor</strong></span> <span class='ocrx_word' id='word_1_26' title='bbox 1130 777 1206 840; x_wconf 92' lang='lat' dir='ltr'><strong>illas</strong></span> <span class='ocrx_word' id='word_1_27' title='bbox 1220 794 1307 842; x_wconf 93' lang='lat' dir='ltr'><strong>con-</strong></span> 
     </span>
     <span class='ocr_line' id='line_1_4' title="bbox 244 888 1307 986; baseline 0.002 -26"><span class='ocrx_word' id='word_1_28' title='bbox 244 897 420 983; x_wconf 82' lang='lat' dir='ltr'><strong>stitutam,</strong></span> <span class='ocrx_word' id='word_1_29' title='bbox 455 894 604 981; x_wconf 60' lang='lat' dir='ltr'><strong>,denique</strong></span> <span class='ocrx_word' id='word_1_30' title='bbox 644 888 756 980; x_wconf 80' lang='lat' dir='ltr'><strong>(quod</strong></span> <span class='ocrx_word' id='word_1_31' title='bbox 777 898 1033 986; x_wconf 79' lang='lat' dir='ltr'><strong>subintelligunt</strong></span> <span class='ocrx_word' id='word_1_32' title='bbox 1068 900 1175 986; x_wconf 81' lang='lat' dir='ltr'><strong>magis</strong></span> <span class='ocrx_word' id='word_1_33' title='bbox 1210 916 1307 983; x_wconf 85' lang='lat' dir='ltr'><strong>quum</strong></span> 
     </span>
     <span class='ocr_line' id='line_1_5' title="bbox 244 1006 1307 1104; baseline 0 -22"><span class='ocrx_word' id='word_1_34' title='bbox 244 1006 433 1097; x_wconf 80' lang='lat' dir='ltr'><strong>affirmant]</strong></span> <span class='ocrx_word' id='word_1_35' title='bbox 460 1020 519 1082; x_wconf 87' lang='lat' dir='ltr'><strong>uui</strong></span> <span class='ocrx_word' id='word_1_36' title='bbox 547 1020 672 1083; x_wconf 90' lang='lat' dir='ltr'><strong>temere</strong></span> <span class='ocrx_word' id='word_1_37' title='bbox 699 1022 758 1082; x_wconf 89' lang='lat' dir='ltr'><strong>aul</strong></span> <span class='ocrx_word' id='word_1_38' title='bbox 787 1018 909 1085; x_wconf 86' lang='lat' dir='ltr'><strong>callido</strong></span> <span class='ocrx_word' id='word_1_39' title='bbox 944 1018 1085 1104; x_wconf 88' lang='lat' dir='ltr'><strong>quodum</strong></span> <span class='ocrx_word' id='word_1_40' title='bbox 1111 1019 1250 1084; x_wconf 89' lang='lat' dir='ltr'><strong>consilio</strong></span> <span class='ocrx_word' id='word_1_41' title='bbox 1272 1022 1307 1082; x_wconf 93' lang='lat' dir='ltr'><strong>in</strong></span> 
     </span>
     <span class='ocr_line' id='line_1_6' title="bbox 244 1136 1239 1225; baseline 0.001 -23"><span class='ocrx_word' id='word_1_42' title='bbox 244 1137 426 1204; x_wconf 87' lang='lat' dir='ltr'><strong>recitando·</strong></span> <span class='ocrx_word' id='word_1_43' title='bbox 439 1136 552 1204; x_wconf 82' lang='lat' dir='ltr'><strong>Edicti</strong></span> <span class='ocrx_word' id='word_1_44' title='bbox 573 1139 631 1225; x_wconf 87' lang='lat' dir='ltr'><strong>illo</strong></span> <span class='ocrx_word' id='word_1_45' title='bbox 653 1141 764 1222; x_wconf 89' lang='lat' dir='ltr'><strong>capite</strong></span> <span class='ocrx_word' id='word_1_46' title='bbox 786 1160 806 1204; x_wconf 88' lang='lat' dir='ltr'><strong>u</strong></span> <span class='ocrx_word' id='word_1_47' title='bbox 829 1139 937 1205; x_wconf 80' lang='lat' dir='ltr'><strong>&#39;l&#39;ullio</strong></span> <span class='ocrx_word' id='word_1_48' title='bbox 960 1142 1239 1222; x_wconf 78' lang='lat' dir='ltr'><strong>praetermissam.</strong></span> 
     </span>
    </p>

    <p class='ocr_par' dir='ltr' id='par_1_3' title="bbox 259 1256 1307 1346">
     <span class='ocr_line' id='line_1_7' title="bbox 259 1256 1307 1346; baseline 0 -21"><span class='ocrx_word' id='word_1_49' title='bbox 259 1332 262 1338; x_wconf 51' lang='grc'>,</span> <span class='ocrx_word' id='word_1_50' title='bbox 308 1256 415 1341; x_wconf 78' lang='lat' dir='ltr'><strong>Quam</strong></span> <span class='ocrx_word' id='word_1_51' title='bbox 457 1260 657 1325; x_wconf 84' lang='lat' dir='ltr'><strong>sententiam</strong></span> <span class='ocrx_word' id='word_1_52' title='bbox 702 1263 756 1345; x_wconf 85' lang='lat' dir='ltr'><strong>qui</strong></span> <span class='ocrx_word' id='word_1_53' title='bbox 800 1266 1026 1346; x_wconf 78' lang='lat' dir='ltr'><strong>sequuntur,¹</strong></span> <span class='ocrx_word' id='word_1_54' title='bbox 1047 1262 1307 1344; x_wconf 87' lang='lat' dir='ltr'><strong>locupletissimo</strong></span> 
     </span>
    </p>

    <p class='ocr_par' dir='ltr' id='par_1_4' title="bbox 244 1380 1308 1475">
     <span class='ocr_line' id='line_1_8' title="bbox 244 1380 1308 1475; baseline 0.001 -29"><span class='ocrx_word' id='word_1_55' title='bbox 244 1381 307 1446; x_wconf 91' lang='lat' dir='ltr'><strong>sibi</strong></span> <span class='ocrx_word' id='word_1_56' title='bbox 329 1380 486 1446; x_wconf 87' lang='lat' dir='ltr'><strong>uidentur</strong></span> <span class='ocrx_word' id='word_1_57' title='bbox 517 1383 605 1447; x_wconf 89' lang='lat' dir='ltr'><strong>teste</strong></span> <span class='ocrx_word' id='word_1_58' title='bbox 632 1383 680 1446; x_wconf 88' lang='lat' dir='ltr'><strong>uli</strong></span> <span class='ocrx_word' id='word_1_59' title='bbox 708 1380 869 1468; x_wconf 82' lang='lat' dir='ltr'><strong>Ulpiano,</strong></span> <span class='ocrx_word' id='word_1_60' title='bbox 905 1401 1000 1469; x_wconf 89' lang='lat' dir='ltr'><strong>quem</strong></span> <span class='ocrx_word' id='word_1_61' title='bbox 1023 1384 1076 1475; x_wconf 83' lang='lat' dir='ltr'><strong>uel</strong></span> <span class='ocrx_word' id='word_1_62' title='bbox 1099 1385 1173 1467; x_wconf 87' lang='lat' dir='ltr'><strong>ipsa</strong></span> <span class='ocrx_word' id='word_1_63' title='bbox 1204 1382 1308 1447; x_wconf 90' lang='lat' dir='ltr'><strong>uerba</strong></span> 
     </span>
    </p>

    <p class='ocr_par' dir='ltr' id='par_1_5' title="bbox 245 1501 1308 1589">
     <span class='ocr_line' id='line_1_9' title="bbox 245 1501 1308 1589; baseline 0.002 -23"><span class='ocrx_word' id='word_1_64' title='bbox 245 1503 333 1568; x_wconf 86' lang='lat' dir='ltr'><strong>illius</strong></span> <span class='ocrx_word' id='word_1_65' title='bbox 354 1505 542 1589; x_wconf 78' lang='lat' dir='ltr'><strong>clausulae,</strong></span> <span class='ocrx_word' id='word_1_66' title='bbox 578 1521 673 1589; x_wconf 89' lang='lat' dir='ltr'><strong>quam</strong></span> <span class='ocrx_word' id='word_1_67' title='bbox 696 1501 809 1569; x_wconf 89' lang='lat' dir='ltr'><strong>dicunt</strong></span> <span class='ocrx_word' id='word_1_68' title='bbox 828 1522 1049 1589; x_wconf 75' lang='lat' dir='ltr'><strong>suppressae,</strong></span> <span class='ocrx_word' id='word_1_69' title='bbox 1075 1506 1220 1571; x_wconf 88' lang='lat' dir='ltr'><strong>recitare</strong></span> <span class='ocrx_word' id='word_1_70' title='bbox 1241 1523 1308 1589; x_wconf 92' lang='lat' dir='ltr'><strong>pu-</strong></span> 
     </span>
    </p>
   </div>
   <div class='ocr_carea' id='block_1_3' title="bbox 244 1621 1046 1869">
    <p class='ocr_par' dir='ltr' id='par_1_6' title="bbox 244 1621 1046 1869">
     <span class='ocr_line' id='line_1_10' title="bbox 244 1621 1046 1712; baseline 0.002 -24"><span class='ocrx_word' id='word_1_71' title='bbox 244 1626 320 1688; x_wconf 86' lang='lat' dir='ltr'><strong>tant</strong></span> <span class='ocrx_word' id='word_1_72' title='bbox 340 1626 375 1689; x_wconf 89' lang='lat' dir='ltr'><strong>lu</strong></span> <span class='ocrx_word' id='word_1_73' title='bbox 393 1623 439 1690; x_wconf 57' lang='lat'><strong>⁴1..</strong></span> <span class='ocrx_word' id='word_1_74' title='bbox 455 1622 486 1684; x_wconf 78' lang='lat'><strong>2.</strong></span> <span class='ocrx_word' id='word_1_75' title='bbox 510 1644 564 1710; x_wconf 85' lang='lat' dir='ltr'><strong>pr.</strong></span> <span class='ocrx_word' id='word_1_76' title='bbox 587 1621 687 1707; x_wconf 75' lang='lat' dir='ltr'><strong>Quoto.</strong></span> <span class='ocrx_word' id='word_1_77' title='bbox 708 1643 756 1690; x_wconf 71' lang='lat' dir='ltr'><strong>ere</strong></span> <span class='ocrx_word' id='word_1_78' title='bbox 779 1645 856 1691; x_wconf 86' lang='lat' dir='ltr'><strong>cau.</strong></span> <span class='ocrx_word' id='word_1_79' title='bbox 879 1629 918 1691; x_wconf 82' lang='lat' dir='ltr'><strong>iu</strong></span> <span class='ocrx_word' id='word_1_80' title='bbox 937 1645 994 1712; x_wconf 82' lang='lat' dir='ltr'><strong>po.</strong></span> <span class='ocrx_word' id='word_1_81' title='bbox 1017 1645 1046 1691; x_wconf 90' lang='lat' dir='ltr'><strong>e.</strong></span> 
     </span>
     <span class='ocr_line' id='line_1_11' title="bbox 308 1781 854 1869; baseline 0 -20"><span class='ocrx_word' id='word_1_82' title='bbox 308 1781 474 1869; x_wconf 75' lang='lat' dir='ltr'><strong>Ulpianus</strong></span> <span class='ocrx_word' id='word_1_83' title='bbox 494 1784 550 1850; x_wconf 82' lang='lat' dir='ltr'><strong>lib.</strong></span> <span class='ocrx_word' id='word_1_84' title='bbox 571 1782 601 1847; x_wconf 83' lang='lat'><strong>5.</strong></span> <span class='ocrx_word' id='word_1_85' title='bbox 624 1782 667 1847; x_wconf 92' lang='lat' dir='ltr'><strong>ad</strong></span> <span class='ocrx_word' id='word_1_86' title='bbox 690 1782 854 1850; x_wconf 77' lang='lat' dir='ltr'><strong>Edictum.</strong></span> 
     </span>
    </p>
   </div>
   <div class='ocr_carea' id='block_1_4' title="bbox 164 1922 1309 4093">
    <p class='ocr_par' dir='ltr' id='par_1_7' title="bbox 312 1922 1308 2031">
     <span class='ocr_line' id='line_1_12' title="bbox 312 1922 1308 2031; baseline 0.002 -23"><span class='ocrx_word' id='word_1_87' title='bbox 312 1974 323 2001; x_wconf 69' lang='grc' dir='ltr'><strong>ιι</strong></span> <span class='ocrx_word' id='word_1_88' title='bbox 335 1938 488 2008; x_wconf 83' lang='lat' dir='ltr'><strong>Praetor</strong></span> <span class='ocrx_word' id='word_1_89' title='bbox 515 1945 590 2007; x_wconf 84' lang='lat' dir='ltr'><strong>uit:</strong></span> <span class='ocrx_word' id='word_1_90' title='bbox 609 1922 664 2008; x_wconf 42' lang='lat' dir='ltr'><strong>&#39;Iu</strong></span> <span class='ocrx_word' id='word_1_91' title='bbox 693 1941 782 2011; x_wconf 79' lang='lat' dir='ltr'><strong>borao</strong></span> <span class='ocrx_word' id='word_1_92' title='bbox 804 1946 893 2030; x_wconf 78' lang='lat' dir='ltr'><strong>eleos,</strong></span> <span class='ocrx_word' id='word_1_93' title='bbox 928 1945 985 2031; x_wconf 82' lang='lat' dir='ltr'><strong>qul</strong></span> <span class='ocrx_word' id='word_1_94' title='bbox 1014 1942 1136 2008; x_wconf 82' lang='lat' dir='ltr'><strong>iudicii</strong></span> <span class='ocrx_word' id='word_1_95' title='bbox 1160 1945 1308 2010; x_wconf 76' lang='lat' dir='ltr'><strong>sistendi</strong></span> 
     </span>
    </p>

    <p class='ocr_par' dir='ltr' id='par_1_8' title="bbox 311 2062 1308 2153">
     <span class='ocr_line' id='line_1_13' title="bbox 311 2062 1308 2153; baseline 0.001 -24"><span class='ocrx_word' id='word_1_96' title='bbox 311 2097 322 2120; x_wconf 69' lang='grc' dir='ltr'><strong>«ι</strong></span> <span class='ocrx_word' id='word_1_97' title='bbox 336 2084 462 2130; x_wconf 77' lang='lat' dir='ltr'><strong>causeo</strong></span> <span class='ocrx_word' id='word_1_98' title='bbox 481 2062 722 2149; x_wconf 79' lang='lat' dir='ltr'><strong>fideiussorem</strong></span> <span class='ocrx_word' id='word_1_99' title='bbox 752 2062 870 2153; x_wconf 83' lang='lat' dir='ltr'><strong>dedii,</strong></span> <span class='ocrx_word' id='word_1_100' title='bbox 913 2068 945 2130; x_wconf 83' lang='lat' dir='ltr'><strong>ai</strong></span> <span class='ocrx_word' id='word_1_101' title='bbox 967 2083 1075 2153; x_wconf 80' lang='lat' dir='ltr'><strong>neque</strong></span> <span class='ocrx_word' id='word_1_102' title='bbox 1095 2070 1308 2152; x_wconf 82' lang='lat' dir='ltr'><strong>potestatem</strong></span> 
     </span>
    </p>

    <p class='ocr_par' dir='ltr' id='par_1_9' title="bbox 311 2181 1161 2274">
     <span class='ocr_line' id='line_1_14' title="bbox 311 2181 1161 2274; baseline 0 -23"><span class='ocrx_word' id='word_1_103' title='bbox 311 2189 392 2251; x_wconf 75' lang='lat' dir='ltr'><strong>«aad</strong></span> <span class='ocrx_word' id='word_1_104' title='bbox 410 2184 540 2274; x_wconf 79' lang='lat' dir='ltr'><strong>foetet,</strong></span> <span class='ocrx_word' id='word_1_105' title='bbox 562 2203 671 2271; x_wconf 70' lang='lat' dir='ltr'><strong>erepte</strong></span> <span class='ocrx_word' id='word_1_106' title='bbox 693 2181 921 2269; x_wconf 78' lang='lat' dir='ltr'><strong>defendetur,</strong></span> <span class='ocrx_word' id='word_1_107' title='bbox 942 2190 989 2250; x_wconf 83' lang='lat' dir='ltr'><strong>iri</strong></span> <span class='ocrx_word' id='word_1_108' title='bbox 1010 2185 1161 2252; x_wconf 65' lang='lat' dir='ltr'><strong>tilieto.»</strong></span> 
     </span>
    </p>

    <p class='ocr_par' dir='ltr' id='par_1_10' title="bbox 244 2302 1309 3481">
     <span class='ocr_line' id='line_1_15' title="bbox 308 2302 1307 2392; baseline 0 -19"><span class='ocrx_word' id='word_1_109' title='bbox 308 2302 409 2373; x_wconf 78' lang='lat' dir='ltr'><strong>Certe</strong></span> <span class='ocrx_word' id='word_1_110' title='bbox 431 2305 603 2392; x_wconf 81' lang='lat' dir='ltr'><strong>equidem,</strong></span> <span class='ocrx_word' id='word_1_111' title='bbox 625 2307 757 2371; x_wconf 88' lang='lat' dir='ltr'><strong>tametsi</strong></span> <span class='ocrx_word' id='word_1_112' title='bbox 777 2305 866 2371; x_wconf 91' lang='lat' dir='ltr'><strong>hunc</strong></span> <span class='ocrx_word' id='word_1_113' title='bbox 889 2308 995 2372; x_wconf 88' lang='lat' dir='ltr'><strong>locum</strong></span> <span class='ocrx_word' id='word_1_114' title='bbox 1019 2326 1080 2392; x_wconf 92' lang='lat' dir='ltr'><strong>pro</strong></span> <span class='ocrx_word' id='word_1_115' title='bbox 1102 2327 1227 2373; x_wconf 91' lang='lat' dir='ltr'><strong>summa</strong></span> <span class='ocrx_word' id='word_1_116' title='bbox 1251 2310 1307 2373; x_wconf 91' lang='lat' dir='ltr'><strong>illa</strong></span> 
     </span>
     <span class='ocr_line' id='line_1_16' title="bbox 244 2428 1308 2512; baseline -0.002 -19"><span class='ocrx_word' id='word_1_117' title='bbox 244 2428 441 2494; x_wconf 83' lang='lat' dir='ltr'><strong>difficultate</strong></span> <span class='ocrx_word' id='word_1_118' title='bbox 455 2430 556 2512; x_wconf 87' lang='lat' dir='ltr'><strong>atque</strong></span> <span class='ocrx_word' id='word_1_119' title='bbox 576 2428 845 2512; x_wconf 80' lang='lat' dir='ltr'><strong>interpolationis</strong></span> <span class='ocrx_word' id='word_1_120' title='bbox 859 2466 897 2475; x_wconf 90' lang='lat'>—</span> <span class='ocrx_word' id='word_1_121' title='bbox 914 2428 1114 2511; x_wconf 79' lang='lat' dir='ltr'><strong>certitudine</strong></span> <span class='ocrx_word' id='word_1_122' title='bbox 1128 2431 1240 2512; x_wconf 87' lang='lat' dir='ltr'><strong>potius</strong></span> <span class='ocrx_word' id='word_1_123' title='bbox 1253 2429 1308 2493; x_wconf 92' lang='lat' dir='ltr'><strong>di-</strong></span> 
     </span>
     <span class='ocr_line' id='line_1_17' title="bbox 244 2547 1308 2634; baseline 0 -20"><span class='ocrx_word' id='word_1_124' title='bbox 244 2568 328 2614; x_wconf 87' lang='lat' dir='ltr'><strong>xero</strong></span> <span class='ocrx_word' id='word_1_125' title='bbox 351 2568 447 2634; x_wconf 87' lang='lat' dir='ltr'><strong>quam</strong></span> <span class='ocrx_word' id='word_1_126' title='bbox 468 2549 675 2632; x_wconf 86' lang='lat' dir='ltr'><strong>suspicione,</strong></span> <span class='ocrx_word' id='word_1_127' title='bbox 705 2566 770 2632; x_wconf 77' lang='lat' dir='ltr'><strong>qua</strong></span> <span class='ocrx_word' id='word_1_128' title='bbox 792 2551 897 2612; x_wconf 88' lang='lat' dir='ltr'><strong>omnis</strong></span> <span class='ocrx_word' id='word_1_129' title='bbox 918 2547 1177 2614; x_wconf 91' lang='lat' dir='ltr'><strong>uadimoniorum</strong></span> <span class='ocrx_word' id='word_1_130' title='bbox 1200 2554 1308 2616; x_wconf 88' lang='lat' dir='ltr'><strong>mate-</strong></span> 
     </span>
     <span class='ocr_line' id='line_1_18' title="bbox 245 2640 1308 2757; baseline 0.003 -24"><span class='ocrx_word' id='word_1_131' title='bbox 245 2671 297 2734; x_wconf 88' lang='lat' dir='ltr'><strong>ria</strong></span> <span class='ocrx_word' id='word_1_132' title='bbox 317 2671 351 2733; x_wconf 91' lang='lat' dir='ltr'><strong>in</strong></span> <span class='ocrx_word' id='word_1_133' title='bbox 378 2670 591 2757; x_wconf 81' lang='lat' dir='ltr'><strong>Digestorum</strong></span> <span class='ocrx_word' id='word_1_134' title='bbox 614 2668 813 2755; x_wconf 80' lang='lat' dir='ltr'><strong>fragmentis</strong></span> <span class='ocrx_word' id='word_1_135' title='bbox 834 2668 985 2755; x_wconf 88' lang='lat' dir='ltr'><strong>laborat;</strong></span> <span class='ocrx_word' id='word_1_136' title='bbox 1013 2671 1097 2734; x_wconf 89' lang='lat' dir='ltr'><strong>satis</strong></span> <span class='ocrx_word' id='word_1_137' title='bbox 1124 2640 1245 2736; x_wconf 87' lang='lat' dir='ltr'><strong>leuiter</strong></span> <span class='ocrx_word' id='word_1_138' title='bbox 1265 2672 1308 2737; x_wconf 88' lang='lat' dir='ltr'><strong>ab</strong></span> 
     </span>
     <span class='ocr_line' id='line_1_19' title="bbox 246 2787 1308 2877; baseline 0.004 -25"><span class='ocrx_word' id='word_1_139' title='bbox 246 2790 486 2873; x_wconf 85' lang='lat' dir='ltr'><strong>interpretibus</strong></span> <span class='ocrx_word' id='word_1_140' title='bbox 521 2788 619 2854; x_wconf 91' lang='lat' dir='ltr'><strong>uideo</strong></span> <span class='ocrx_word' id='word_1_141' title='bbox 648 2787 782 2870; x_wconf 86' lang='lat' dir='ltr'><strong>haberi,</strong></span> <span class='ocrx_word' id='word_1_142' title='bbox 818 2792 929 2875; x_wconf 81' lang='lat' dir='ltr'><strong>tamen</strong></span> <span class='ocrx_word' id='word_1_143' title='bbox 962 2791 1109 2877; x_wconf 88' lang='lat' dir='ltr'><strong>omissis,</strong></span> <span class='ocrx_word' id='word_1_144' title='bbox 1144 2811 1229 2876; x_wconf 88' lang='lat' dir='ltr'><strong>quae</strong></span> <span class='ocrx_word' id='word_1_145' title='bbox 1265 2792 1308 2856; x_wconf 86' lang='lat' dir='ltr'><strong>ad</strong></span> 
     </span>
     <span class='ocr_line' id='line_1_20' title="bbox 246 2883 1308 3002; baseline 0.002 -26"><span class='ocrx_word' id='word_1_146' title='bbox 246 2883 453 2999; x_wconf 88' lang='lat' dir='ltr'><strong>propositum</strong></span> <span class='ocrx_word' id='word_1_147' title='bbox 475 2913 624 2979; x_wconf 89' lang='lat' dir='ltr'><strong>nostrum</strong></span> <span class='ocrx_word' id='word_1_148' title='bbox 646 2911 752 2974; x_wconf 91' lang='lat' dir='ltr'><strong>minus</strong></span> <span class='ocrx_word' id='word_1_149' title='bbox 773 2913 851 2974; x_wconf 89' lang='lat' dir='ltr'><strong>sunt</strong></span> <span class='ocrx_word' id='word_1_150' title='bbox 873 2913 1089 2997; x_wconf 88' lang='lat' dir='ltr'><strong>necessaria,</strong></span> <span class='ocrx_word' id='word_1_151' title='bbox 1112 2911 1201 2976; x_wconf 91' lang='lat' dir='ltr'><strong>haud</strong></span> <span class='ocrx_word' id='word_1_152' title='bbox 1222 2933 1308 3002; x_wconf 83' lang='lat' dir='ltr'><strong>gra-</strong></span> 
     </span>
     <span class='ocr_line' id='line_1_21' title="bbox 246 3011 1309 3118; baseline 0.002 -20"><span class='ocrx_word' id='word_1_153' title='bbox 246 3035 366 3114; x_wconf 87' lang='lat' dir='ltr'><strong>uabor,</strong></span> <span class='ocrx_word' id='word_1_154' title='bbox 402 3031 491 3118; x_wconf 91' lang='lat' dir='ltr'><strong>quod</strong></span> <span class='ocrx_word' id='word_1_155' title='bbox 519 3034 700 3097; x_wconf 87' lang='lat' dir='ltr'><strong>extremum</strong></span> <span class='ocrx_word' id='word_1_156' title='bbox 723 3051 743 3095; x_wconf 89' lang='lat' dir='ltr'><strong>a</strong></span> <span class='ocrx_word' id='word_1_157' title='bbox 765 3050 816 3096; x_wconf 90' lang='lat' dir='ltr'><strong>me</strong></span> <span class='ocrx_word' id='word_1_158' title='bbox 839 3011 1083 3117; x_wconf 88' lang='lat' dir='ltr'><strong>postulaueris,</strong></span> <span class='ocrx_word' id='word_1_159' title='bbox 1111 3035 1200 3111; x_wconf 88' lang='lat' dir='ltr'><strong>ultro</strong></span> <span class='ocrx_word' id='word_1_160' title='bbox 1223 3053 1309 3100; x_wconf 92' lang='lat' dir='ltr'><strong>con-</strong></span> 
     </span>
     <span class='ocr_line' id='line_1_22' title="bbox 245 3150 1309 3241; baseline 0 -20"><span class='ocrx_word' id='word_1_161' title='bbox 245 3153 384 3240; x_wconf 86' lang='lat' dir='ltr'><strong>cedere,</strong></span> <span class='ocrx_word' id='word_1_162' title='bbox 414 3152 573 3219; x_wconf 88' lang='lat' dir='ltr'><strong>uidelicet</strong></span> <span class='ocrx_word' id='word_1_163' title='bbox 594 3152 788 3219; x_wconf 86' lang='lat' dir='ltr'><strong>Praetorem</strong></span> <span class='ocrx_word' id='word_1_164' title='bbox 810 3150 987 3238; x_wconf 85' lang='lat' dir='ltr'><strong>aliquando</strong></span> <span class='ocrx_word' id='word_1_165' title='bbox 1009 3154 1131 3221; x_wconf 82' lang='lat' dir='ltr'><strong>Edicto</strong></span> <span class='ocrx_word' id='word_1_166' title='bbox 1154 3174 1309 3241; x_wconf 88' lang='lat' dir='ltr'><strong>compre-</strong></span> 
     </span>
     <span class='ocr_line' id='line_1_23' title="bbox 245 3253 1308 3363; baseline -0.001 -21"><span class='ocrx_word' id='word_1_167' title='bbox 245 3253 433 3356; x_wconf 78' lang='lat' dir='ltr'><strong>hendisse,</strong></span> <span class='ocrx_word' id='word_1_168' title='bbox 449 3294 488 3340; x_wconf 87' lang='lat' dir='ltr'><strong>se</strong></span> <span class='ocrx_word' id='word_1_169' title='bbox 510 3277 605 3341; x_wconf 88' lang='lat' dir='ltr'><strong>certa</strong></span> <span class='ocrx_word' id='word_1_170' title='bbox 625 3275 703 3361; x_wconf 80' lang='lat' dir='ltr'><strong>lege</strong></span> <span class='ocrx_word' id='word_1_171' title='bbox 726 3277 980 3359; x_wconf 89' lang='lat' dir='ltr'><strong>permissurum,</strong></span> <span class='ocrx_word' id='word_1_172' title='bbox 1002 3279 1058 3357; x_wconf 86' lang='lat' dir='ltr'><strong>ui,</strong></span> <span class='ocrx_word' id='word_1_173' title='bbox 1080 3279 1133 3363; x_wconf 87' lang='lat' dir='ltr'><strong>qui</strong></span> <span class='ocrx_word' id='word_1_174' title='bbox 1156 3277 1308 3342; x_wconf 89' lang='lat' dir='ltr'><strong>uadimo-</strong></span> 
     </span>
     <span class='ocr_line' id='line_1_24' title="bbox 245 3395 1308 3481; baseline 0 -19"><span class='ocrx_word' id='word_1_175' title='bbox 245 3401 333 3463; x_wconf 93' lang='lat' dir='ltr'><strong>nium</strong></span> <span class='ocrx_word' id='word_1_176' title='bbox 357 3396 583 3480; x_wconf 87' lang='lat' dir='ltr'><strong>deseruisset,</strong></span> <span class='ocrx_word' id='word_1_177' title='bbox 605 3398 677 3461; x_wconf 90' lang='lat' dir='ltr'><strong>eius</strong></span> <span class='ocrx_word' id='word_1_178' title='bbox 699 3397 786 3462; x_wconf 92' lang='lat' dir='ltr'><strong>bona</strong></span> <span class='ocrx_word' id='word_1_179' title='bbox 808 3395 1070 3481; x_wconf 88' lang='lat' dir='ltr'><strong>possiderentur.</strong></span> <span class='ocrx_word' id='word_1_180' title='bbox 1102 3398 1198 3462; x_wconf 74' lang='lat' dir='ltr'><strong>Esto.</strong></span> <span class='ocrx_word' id='word_1_181' title='bbox 1234 3395 1308 3480; x_wconf 78' lang='lat' dir='ltr'><strong>Qua</strong></span> 
     </span>
    </p>

    <p class='ocr_par' dir='ltr' id='par_1_11' title="bbox 164 3515 1309 3729">
     <span class='ocr_line' id='line_1_25' title="bbox 164 3515 1309 3606; baseline 0 -22"><span class='ocrx_word' id='word_1_182' title='bbox 164 3536 168 3539; x_wconf 84' lang='grc'><strong>’</strong></span> <span class='ocrx_word' id='word_1_183' title='bbox 245 3540 326 3586; x_wconf 92' lang='lat' dir='ltr'><strong>uero</strong></span> <span class='ocrx_word' id='word_1_184' title='bbox 347 3520 426 3606; x_wconf 80' lang='lat' dir='ltr'><strong>lege</strong></span> <span class='ocrx_word' id='word_1_185' title='bbox 447 3536 487 3584; x_wconf 89' lang='lat' dir='ltr'><strong>ac</strong></span> <span class='ocrx_word' id='word_1_186' title='bbox 509 3515 705 3583; x_wconf 86' lang='lat' dir='ltr'><strong>condicione</strong></span> <span class='ocrx_word' id='word_1_187' title='bbox 725 3516 760 3581; x_wconf 91' lang='lat' dir='ltr'><strong>id</strong></span> <span class='ocrx_word' id='word_1_188' title='bbox 780 3516 892 3603; x_wconf 88' lang='lat' dir='ltr'><strong>fieret,</strong></span> <span class='ocrx_word' id='word_1_189' title='bbox 925 3516 1070 3583; x_wconf 89' lang='lat' dir='ltr'><strong>Praetor</strong></span> <span class='ocrx_word' id='word_1_190' title='bbox 1103 3518 1156 3584; x_wconf 87' lang='lat' dir='ltr'><strong>his</strong></span> <span class='ocrx_word' id='word_1_191' title='bbox 1177 3520 1309 3602; x_wconf 87' lang='lat' dir='ltr'><strong>uerbis,</strong></span> 
     </span>
     <span class='ocr_line' id='line_1_26' title="bbox 247 3638 1101 3729; baseline -0.008 -23"><span class='ocrx_word' id='word_1_192' title='bbox 247 3643 384 3729; x_wconf 92' lang='lat' dir='ltr'><strong>opinor,</strong></span> <span class='ocrx_word' id='word_1_193' title='bbox 405 3638 624 3727; x_wconf 79' lang='lat' dir='ltr'><strong>significauit:</strong></span> <span class='ocrx_word' id='word_1_194' title='bbox 1098 3712 1101 3718; x_wconf 66' lang='lat'><strong>,</strong></span> 
     </span>
    </p>

    <p class='ocr_par' dir='ltr' id='par_1_12' title="bbox 246 3754 1308 4093">
     <span class='ocr_line' id='line_1_27' title="bbox 311 3754 1305 3850; baseline 0.004 -28"><span class='ocrx_word' id='word_1_195' title='bbox 311 3765 366 3828; x_wconf 78' lang='lat' dir='ltr'><strong>«rt</strong></span> <span class='ocrx_word' id='word_1_196' title='bbox 387 3779 496 3849; x_wconf 82' lang='lat' dir='ltr'><strong>aeque</strong></span> <span class='ocrx_word' id='word_1_197' title='bbox 516 3763 729 3847; x_wconf 81' lang='lat' dir='ltr'><strong>poteototem</strong></span> <span class='ocrx_word' id='word_1_198' title='bbox 748 3763 804 3825; x_wconf 83' lang='lat' dir='ltr'><strong>aui</strong></span> <span class='ocrx_word' id='word_1_199' title='bbox 818 3754 931 3845; x_wconf 80' lang='lat' dir='ltr'><strong>foetet</strong></span> <span class='ocrx_word' id='word_1_200' title='bbox 945 3778 1053 3850; x_wconf 76' lang='lat' dir='ltr'><strong>aeque</strong></span> <span class='ocrx_word' id='word_1_201' title='bbox 1069 3761 1305 3847; x_wconf 55' lang='lat' dir='ltr'><strong>defendetde·</strong></span> 
     </span>
     <span class='ocr_line' id='line_1_28' title="bbox 247 3870 1308 3973; baseline 0.003 -27"><span class='ocrx_word' id='word_1_202' title='bbox 247 3882 365 3966; x_wconf 85' lang='lat' dir='ltr'><strong>quibus</strong></span> <span class='ocrx_word' id='word_1_203' title='bbox 386 3882 563 3948; x_wconf 82' lang='lat' dir='ltr'><strong>confestim</strong></span> <span class='ocrx_word' id='word_1_204' title='bbox 584 3879 750 3966; x_wconf 88' lang='lat' dir='ltr'><strong>Ulpianus</strong></span> <span class='ocrx_word' id='word_1_205' title='bbox 771 3879 921 3947; x_wconf 84' lang='lat' dir='ltr'><strong>declarat</strong></span> <span class='ocrx_word' id='word_1_206' title='bbox 943 3885 1105 3949; x_wconf 88' lang='lat' dir='ltr'><strong>contineri</strong></span> <span class='ocrx_word' id='word_1_207' title='bbox 1136 3887 1194 3973; x_wconf 84' lang='lat' dir='ltr'><strong>qut</strong></span> <span class='ocrx_word' id='word_1_208' title='bbox 1212 3870 1308 3950; x_wconf 79' lang='lat' dir='ltr'><strong>&#39;tatt-</strong></span> 
     </span>
     <span class='ocr_line' id='line_1_29' title="bbox 246 4000 1113 4093; baseline 0.001 -25"><span class='ocrx_word' id='word_1_209' title='bbox 246 4007 380 4093; x_wconf 79' lang='lat' dir='ltr'><strong>touertt</strong></span> <span class='ocrx_word' id='word_1_210' title='bbox 399 4008 437 4068; x_wconf 83' lang='lat' dir='ltr'><strong>et</strong></span> <span class='ocrx_word' id='word_1_211' title='bbox 458 4007 517 4093; x_wconf 79' lang='lat' dir='ltr'><strong>qut</strong></span> <span class='ocrx_word' id='word_1_212' title='bbox 537 4000 706 4088; x_wconf 61' lang='lat' dir='ltr'><strong>adficeret,</strong></span> <span class='ocrx_word' id='word_1_213' title='bbox 727 4005 797 4068; x_wconf 68' lang='lat' dir='ltr'><strong>aaut</strong></span> <span class='ocrx_word' id='word_1_214' title='bbox 818 4000 1113 4086; x_wconf 76' lang='lat' dir='ltr'><strong>defeaeantur²⁶).</strong></span> 
     </span>
    </p>
   </div>
   <div class='ocr_carea' id='block_1_5' title="bbox 248 4231 1307 4388">
    <p class='ocr_par' dir='ltr' id='par_1_13' title="bbox 248 4231 1307 4388">
     <span class='ocr_line' id='line_1_30' title="bbox 280 4231 1307 4299; baseline 0.003 -17"><span class='ocrx_word' id='word_1_215' title='bbox 280 4234 327 4292; x_wconf 80' lang='lat'><strong>26)</strong></span> <span class='ocrx_word' id='word_1_216' title='bbox 351 4234 416 4284; x_wconf 89' lang='lat' dir='ltr'><strong>ibid.</strong></span> <span class='ocrx_word' id='word_1_217' title='bbox 444 4231 473 4296; x_wconf 54' lang='grc' dir='ltr'><strong>ὃ.</strong></span> <span class='ocrx_word' id='word_1_218' title='bbox 499 4236 524 4284; x_wconf 91' lang='grc'><strong>1.</strong></span> <span class='ocrx_word' id='word_1_219' title='bbox 562 4236 747 4286; x_wconf 75' lang='lat' dir='ltr'><strong>«Potestaiom</strong></span> <span class='ocrx_word' id='word_1_220' title='bbox 806 4236 899 4299; x_wconf 75' lang='lat' dir='ltr'><strong>«agit,</strong></span> <span class='ocrx_word' id='word_1_221' title='bbox 925 4249 960 4286; x_wconf 87' lang='lat' dir='ltr'><strong>ne</strong></span> <span class='ocrx_word' id='word_1_222' title='bbox 981 4236 1152 4285; x_wconf 78' lang='lat' dir='ltr'><strong>adversarius</strong></span> <span class='ocrx_word' id='word_1_223' title='bbox 1177 4236 1236 4285; x_wconf 82' lang='lat' dir='ltr'><strong>eius</strong></span> <span class='ocrx_word' id='word_1_224' title='bbox 1263 4248 1307 4285; x_wconf 85' lang='lat' dir='ltr'><strong>oo-</strong></span> 
     </span>
     <span class='ocr_line' id='line_1_31' title="bbox 248 4322 1307 4388; baseline 0.001 -18"><span class='ocrx_word' id='word_1_225' title='bbox 248 4326 363 4372; x_wconf 81' lang='lat' dir='ltr'><strong>«autem</strong></span> <span class='ocrx_word' id='word_1_226' title='bbox 387 4322 429 4371; x_wconf 84' lang='lat' dir='ltr'><strong>sui</strong></span> <span class='ocrx_word' id='word_1_227' title='bbox 455 4336 510 4372; x_wconf 89' lang='lat' dir='ltr'><strong>non</strong></span> <span class='ocrx_word' id='word_1_228' title='bbox 537 4322 618 4384; x_wconf 80' lang='lat' dir='ltr'><strong>lucit,</strong></span> <span class='ocrx_word' id='word_1_229' title='bbox 649 4325 696 4387; x_wconf 89' lang='lat' dir='ltr'><strong>qui</strong></span> <span class='ocrx_word' id='word_1_230' title='bbox 721 4325 746 4373; x_wconf 88' lang='lat' dir='ltr'><strong>id</strong></span> <span class='ocrx_word' id='word_1_231' title='bbox 806 4325 902 4387; x_wconf 80' lang='lat' dir='ltr'><strong>«piam</strong></span> <span class='ocrx_word' id='word_1_232' title='bbox 930 4326 970 4373; x_wconf 85' lang='lat' dir='ltr'><strong>sul</strong></span> <span class='ocrx_word' id='word_1_233' title='bbox 1001 4325 1108 4373; x_wconf 76' lang='lat' dir='ltr'><strong>hebeat.</strong></span> <span class='ocrx_word' id='word_1_234' title='bbox 1142 4324 1228 4388; x_wconf 58' lang='lat' dir='ltr'><strong>,Erpo</strong></span> <span class='ocrx_word' id='word_1_235' title='bbox 1246 4323 1307 4372; x_wconf 86' lang='lat' dir='ltr'><strong>loti·</strong></span> 
     </span>
    </p>
   </div>
   <div class='ocr_carea' id='block_1_6' title="bbox 0 0 1716 5280">
    <p class='ocr_par' dir='ltr' id='par_1_14' title="bbox 0 0 1716 5280">
     <span class='ocr_line' id='line_1_32' title="bbox 0 0 1716 5280; baseline 0 0"><span class='ocrx_word' id='word_1_236' title='bbox 0 0 1716 5280; x_wconf 95' lang='lat' dir='ltr'><strong> </strong></span> 
     </span>
    </p>
   </div>
  </div>
 </body>
</html>
