3352 5276
206 511 244 587 s.
263 502 304 574 8.
331 496 392 571 Α’.
415 495 480 584 θ’.
498 497 688 571 absentem
704 505 806 571 reote
823 495 1034 596 defendent
1049 521 1176 573 aecae.
1210 500 1267 563 15¹

270 685 346 770 Qua
376 686 435 753 de*
452 706 491 752 re
521 689 712 774 priusquam
747 689 969 772 suspicionem
1002 707 1105 754 meam
1138 690 1271 775 planius
1288 697 1427 807 ‘53:3¹³'ss

207 813 373 896 aperiam,
404 813 630 876 necessarium
660 811 794 874 uidetur
821 809 863 875 de
884 812 1050 877 tribunicii
1072 812 1188 876 auxilii
1209 831 1270 885 ra-
1288 813 1370 863 ⁹⁰¹¹*-

207 935 298 1009 tione
320 936 354 997 et
376 952 455 1015 usu,
489 950 597 1018 quoue
625 931 722 999 modo
753 931 918 996 aduersus
939 931 1112 1021 Praetoris
1134 933 1270 998 iurisdi-

206 1057 349 1120 ctionem
381 1055 550 1138 interponi
582 1058 617 1118 et
651 1053 803 1119 debuerit
833 1059 867 1119 et
896 1056 1043 1139 potuerit
1070 1056 1270 1140 solitumque

206 1178 267 1260 sit,
289 1193 397 1261 pauca
419 1174 527 1245 denuo
549 1177 769 1258 praemoneri.

269 1333 384 1420 Atque
406 1336 617 1418 perspicuum
641 1337 708 1416 est,
738 1332 927 1420 Praetoris,
956 1337 1011 1418 qui
1040 1332 1102 1399 iuri
1119 1333 1270 1400 dicundo
1288 1346 1383 1442 ήῇᾞ·
1399 1358 1436 1385 u·-

206 1460 360 1541 praeest,
384 1455 494 1521 officio
510 1454 544 1519 id
559 1457 740 1538 contineri,
760 1460 797 1519 ut
813 1458 864 1519 ius
879 1457 993 1540 ciuile,
1016 1458 1113 1543 quale
1127 1457 1270 1543 legibus,

205 1558 368 1663 moribus,
390 1578 644 1665 magistratuum
667 1575 808 1657 Ediotis,
834 1579 1036 1642 auctoritate
1054 1575 1269 1660 Prudentum,

205 1701 376 1784 aequitate
398 1703 432 1763 et
455 1718 485 1783 q.
507 1718 541 1787 g.
563 1716 593 1763 a.
617 1702 768 1783 oonslat,
799 1701 955 1783 tueatur,
983 1701 1148 1763 sustineat
1169 1705 1269 1784 atque

205 1819 248 1884 ad
271 1821 423 1886 effectum
445 1820 624 1905 perducat,
649 1821 876 1909 litigatoribus
898 1818 1041 1904 denique
1063 1822 1097 1883 in
1120 1821 1270 1885 omnihus

206 1959 400 2039 caussarum
443 1942 560 2029 liguris
600 1943 791 2021 recaredum
826 1942 921 2007 illias
956 1947 1045 2007 laris
1078 1945 1269 2028 praecepto

205 2085 299 2133 suum
329 2066 448 2150 cuique
479 2064 623 2149 tribuat,
640 2067 924 2149 'potestatemque
953 2083 1045 2129 suam
1076 2064 1269 2148 imperiique

206 2189 270 2252 uim
293 2188 487 2271 petentibus
507 2185 746 2253 accommodet.

268 2307 334 2386 Ubi
363 2327 383 2373 a
412 2312 506 2375 recta
531 2327 575 2373 ea
605 2294 706 2373 oili'oii
734 2311 865 2399 ratione
894 2308 1038 2373 Praetor
1066 2308 1138 2371 siue
1159 2308 1268 2389 impe-

202 2433 280 2496 ritia
301 2434 335 2496 et
358 2450 472 2496 errore
498 2431 570 2495 siue
596 2422 780 2514 cupiditate
806 2428 997 2516 deflexerit,
1030 2402 1131 2512 atque
1156 2417 1268 2511 inique

204 2551 414 2617 decernendo
437 2540 553 2635 ipsum'
565 2549 646 2614 illud
666 2552 719 2615 ius
741 2551 855 2632 ciuile,
877 2548 1050 2614 custodiae
1075 2548 1266 2632 tutelaeque

204 2691 287 2737 suae
308 2670 513 2752 mandatum,
541 2670 739 2758 infregerit,
772 2671 981 2755 corruperit,
1012 2670 1267 2753 contempserit,

204 2796 285 2858 tunc
315 2812 397 2858 uero
431 2792 557 2877 decreti
588 2793 737 2856 iniuriam
767 2809 867 2876 passo
896 2789 1046 2874 patebat,
1061 2791 1266 2856 tribunorum

204 2916 377 2997 auxilium,
406 2934 472 2998 quo
500 2916 690 3000 praetoriae
714 2913 895 2999 potestatis
916 2912 981 2975 uim
1003 2913 1038 2976 et
1059 2912 1267 2977 coactionem

204 3037 267 3102 sibi
298 3035 500 3123 depelleret,
533 3038 705 3121 ipsumque
737 3007 906 3101 decretum
936 3032 980 3097 ad
1009 3033 1136 3099 irritum
1163 3051 1267 3098 reuo-

204 3161 309 3223 caret.

267 3279 419 3344 Eatenus
439 3280 544 3367 lgltur
566 3278 763 3343 intercessio
785 3258 990 3341 tribunorum
1017 3268 1125 3361 plebis
1154 3281 1266 3342 corri-

203 3401 338 3489 qendac
361 3380 490 3484 quidem
512 3399 766 3465 iurisdictionis
786 3401 1005 3487 praetoriae,
1032 3397 1127 3479 simul
1155 3401 1267 3461 tamen

204 3522 380 3587 retinendi
412 3490 706 3608 coafirmaadiqae
737 3524 826 3584 iaris
847 3518 961 3584 ciuilis
983 3536 1103 3583 caussa
1130 3534 1271 3613 compa·

203 3612 278 3708 rata
307 3647 400 3726 erat3
435 3642 645 3728 quamobrem
677 3614 705 3705 si
742 3642 815 3724 quls
851 3638 895 3704 ad
922 3637 1115 3703 hodiernum
1145 3658 1267 3704 morem

204 3749 411 3849 potestatum
431 3764 635 3850 publicarum
664 3781 792 3850 genera
820 3760 1027 3853 distinxerit,
1060 3761 1267 3826 tribuniciam

204 3885 291 3951 hane
325 3872 599 3952 intercessionem
635 3882 725 3948 baud
760 3881 906 3948 absurde
941 3881 1114 3948 iudiciario
1150 3885 1267 3970 generi

204 4006 449 4094 adnumerablt,
473 4008 597 4092 quippe
618 4022 720 4093 quae,
742 4006 876 4069 tametsi
898 4005 1048 4087 proximo
1070 4022 1132 4068 suo
1147 4003 1267 4069 effectu

204 4132 408 4193 rescissoria
436 4129 480 4193 sit
510 4146 577 4193 non
611 4123 873 4217 reformatoria,
911 4129 1022 4189 tamen
1041 4123 1195 4210 ,perinde
1227 4143 1267 4189 ac

143 4294 147 4313 Ι
205 4248 398 4333 quotidiana
431 4247 604 4325 Praetoris
636 4248 821 4315 iurisdictio
858 4251 933 4313 iare
971 4246 1068 4312 etalii
1103 4249 1267 4329 tamquam
