3310 5280
239 503 276 580 s
301 494 339 564 9.
383 487 565 586 Defensio
582 490 623 560 in
638 498 772 589 partes
789 489 961 590 locosque
978 486 1135 592 dipeetc.
1189 492 1250 553 197

187 681 288 747 tertia
309 698 390 766 pars
411 678 625 767 designatur,
662 677 819 745 uidelicet
839 683 1014 764 postremo
1035 699 1105 745 ιιοιι
1127 698 1249 764 pesse·
1268 699 1416 853 ‘³⁰n{‡⁰“‘'⁰'
1350 699 1417 750 nri·

187 802 298 885 dtsm,
329 808 364 866 et
386 801 499 885 paulic
521 801 661 865 inferius
682 818 768 886 nepe
788 794 1030 886 possedisset
1052 820 1164 866 nonne
1185 820 1315 866 ite-¹¹0¹·

185 924 246 988 luti
260 924 463 989 necessitate
482 920 621 1007 quadam
636 924 775 988 coactns
789 921 952 987 fateberis
958 923 1158 1007 ‚utrobique
1173 928 1250 989 ter-

186 1050 258 1111 ttae
285 1044 383 1109 buius
412 1046 520 1129 pertis
547 1046 582 1109 ei
612 1061 732 1109 nemen
754 1042 788 1108 et
818 1046 946 1108 initium
973 1046 1158 1110 certissime
1185 1043 1249 1110 de-

185 1157 390 1232 monstrari?

246 1284 322 1368 Quo
346 1305 507 1353 concesso
535 1285 615 1350 illud
645 1304 776 1372 quoque
798 1286 906 1371 palam
928 1289 1007 1375 erit,
1038 1286 1083 1352 ad
1105 1292 1248 1353 tertiam

185 1411 347 1474 orationis
368 1411 496 1492 partem
518 1410 655 1493 praeter
677 1424 735 1492 ea,
765 1425 850 1492 quae
871 1408 953 1474 bede
972 1408 1017 1474 eb
1038 1409 1110 1474 illie
1131 1408 1248 1475 cerbts

185 1537 436 1614 enumerantur,
458 1529 545 1594 nibil.
561 1547 663 1613 posse
685 1528 872 1614 pertinere,
893 1530 1064 1593 anteriora
1085 1548 1166 1595 nero
1189 1547 1248 1594 ee-

184 1652 320 1717 cmadce
348 1652 457 1715 emnia
479 1668 570 1736 esse,
602 1650 700 1716 sicuti
731 1649 774 1715 ab
802 1650 897 1714 initio
920 1653 1037 1714 nostra
1058 1652 1250 1735 partitionis

184 1744 419 1857 interpretatio
442 1761 648 1848 ferebat⁶⁵ii

246 1926 317 1997 Sed
338 1931 402 1995 iam
424 1931 509 1995 satis
530 1930 632 1995 multa
654 1929 696 1996 de
718 1948 755 1996 re
773 1949 846 1995 meo
862 1927 992 2015 quidem
1007 1927 1129 1995 iudicio
1146 1926 1249 2011 aper-

184 2054 320 2117 tissima.

247 2174 298 2238 De
320 2193 386 2238 unc
409 2172 550 2259 quodam
572 2175 675 2240 uerbo
698 2173 776 2238 mibi
789 2174 951 2259 reliquum
967 2178 1020 2239 est
1035 2172 1123 2259 quod
1143 2174 1248 2237 uerbo

184 2294 345 2361 adiiciam.

245 2451 309 2533 Qui
328 2453 423 2519 iocus
444 2452 541 2517 modo
563 2471 606 2518 ex
628 2453 907 2536 anacephalaeosi
928 2454 1127 2538 petebatur,
1149 2454 1184 2518 in
1207 2471 1261 2519 eo*

182 2594 250 2639 nox
280 2571 418 2638 omnmo
448 2592 538 2638 mera
567 2572 761 2640 Hctcmcnt
796 2577 1007 2659 coniectura,
1041 2592 1149 2657 neque
1176 2576 1248 2638 ncti

182 2690 317 2761 Codicis
348 2696 448 2759 ullius
474 2697 676 2761 auctoritate
703 2698 848 2762 constat.
913 2694 995 2758 Flam
1023 2697 1134 2758 autem
1162 2713 1248 2761 con-

182 2818 359 2899 iecturam,
382 2816 532 2880 omnibus
546 2835 679 2902 semper
693 2817 867 2901 probatam
882 2819 984 2901 atque
1001 2815 1079 2881 inde
1094 2834 1115 2881 a
1133 2815 1248 2882 Lcm-

182 2937 261 3003 btmc
292 2939 337 3003 ab
368 2938 536 3021 omnibus,
569 2941 669 3023 puto,
698 2937 893 3003 Editcribus
920 2914 1107 3023 receptam,
1139 2956 1247 3023 nuper

182 3056 349 3125 Klotztus
375 3060 507 3143 reiecit,
529 3077 569 3124 ea
584 3061 715 3126 ratione
729 3058 865 3146 ductus,
887 3059 977 3143 quod
993 3055 1127 3141 Omma,
1150 3078 1247 3144 quam

181 3197 384 3246 communem
405 3179 563 3246 Codicum
592 3182 768 3246 lectionem
791 3173 943 3265 dieii⁶⁶),
976 3179 1116 3266 perinde
1144 3183 1247 3265 atque

182 3296 317 3366 Omnino
339 3302 479 3366 ualeret.
522 3299 620 3383 Quod
640 3304 690 3367 ita
709 3321 810 3388 pesse
832 3301 972 3388 ualere,
1006 3301 1082 3366 dum
1111 3303 1245 3386 planum

180 3421 317 3506 iecerit,
339 3422 452 3487 iatecr
472 3441 523 3488 me
546 3442 613 3488 non
635 3418 840 3508 eredere⁶⁷);
861 3407 951 3509 qnod
971 3423 1091 3489 ualere
1112 3428 1246 3509 petest,

214 3736 259 3802 bt)
280 3737 573 3801 vidasuprap.172.
740 3738 797 3789 siae
824 3736 904 3789 1839.
930 3735 970 3802 8.)
1001 3753 1028 3802 p.
1057 3739 1084 3791 9.
1113 3740 1142 3789 in
1172 3741 1245 3791 bunc

214 3826 260 3889 65)
280 3825 359 3877 Geni.
386 3839 468 3891 supra
490 3828 518 3878 h.
551 3823 627 3890 §pho
653 3841 680 3891 p.
739 3828 852 3877 modum
871 3827 1037 3890 disputauit:
1057 3828 1158 3891 «Quod
1171 3826 1243 3890 (scil.

180 3915 241 3964 172.
261 3918 289 3963 ei
306 3915 443 3979 deinceps.
532 3935 535 3938 ’
739 3914 869 3969 Omnino,
898 3916 1107 3982 econieeiura)
1127 3923 1243 3968 «tamet-

214 3998 260 4065 66)
286 4001 330 4051 Sic
347 4004 439 4066 mique
458 4004 553 4054 baberi
571 4005 599 4053 in
618 4003 683 4053 Bm
739 4003 785 4053 «si
808 4002 873 4054 ierri
892 4018 971 4067 pesse
990 4005 1132 4068 uidentur,
1158 4008 1243 4058 mulio

179 4092 253 4139 nemsi
281 4095 308 4139 et
334 4089 362 4138 in
388 4089 583 4143 Parteienstbus
598 4094 682 4143 trecte-
740 4097 854 4142 «temen
889 4093 914 4144 ei
957 4094 1129 4157 scripturae,
1160 4110 1242 4159 quam

180 4180 232 4227 cim
249 4178 325 4227 testis
343 4190 414 4227 sum·
738 4194 857 4231 somnes
868 4181 931 4232 iibri
941 4187 1066 4244 tuentur,
1082 4184 1243 4246 posthaben-

214 4262 261 4327 67)
289 4265 369 4315 Nullo
393 4266 454 4317 loco
477 4281 592 4320 numero
608 4285 680 4334 quae
738 4269 825 4320 ndum
850 4276 908 4332 est,
943 4276 1049 4322 tantum
1081 4273 1173 4332 abest,
1213 4279 1242 4323 ui

180 4358 209 4405 in
220 4353 456 4405 crendmionibas
470 4356 680 4423 Tullianisssip·
737 4359 811 4411 «isia
829 4360 913 4410 uerba
937 4365 1063 4424 corrupta
1088 4374 1149 4411 esse
1167 4361 1241 4412 uide·
