3352 5276
724 1231 760 1318 §-
784 1234 818 1300 s.

539 1432 751 1502 Sortsectnae
778 1436 1005 1522 quaestiones.

306 1614 417 1681 Primo
438 1615 514 1680 loco
535 1614 621 1679 ratio
644 1613 708 1678 erit
735 1610 924 1698 reddenda,
958 1628 1017 1677 cur
1048 1609 1300 1698 negauerim,

245 1735 333 1822 quod
355 1737 503 1821 plerique
526 1753 639 1799 omncs
660 1738 769 1799 tamen
791 1734 998 1816 statuerunt,
1025 1750 1152 1797 carossa
1180 1735 1299 1815 copnt·

245 1865 284 1924 ta
314 1858 515 1946 redditoque
530 1856 681 1931 decreto
710 1852 934 1941 Praetorem,
969 1852 1128 1918 attona
1158 1855 1301 1945 propter

244 1979 468 2064 supradictas
489 1977 571 2043 titas
594 1996 738 2043 caussas
758 1975 1035 2063 possiderentur,
1069 1972 1186 2038 tortere
1213 1971 1299 2038 solt-

245 2104 320 2169 tam
341 2117 426 2166 esse.

310 2275 480 2358 Quaenam
508 2277 611 2364 igitur
640 2278 738 2361 sunt,
775 2276 893 2359 quibus
927 2292 1015 2363 qaae
1050 2270 1203 2339 Praetor
1238 2292 1301 2357 pro
1335 2295 1413 2363 aa...
1429 2309 1465 2336 a.

245 2398 413 2464 tribunali
445 2404 520 2485 aptt
552 2404 756 2486 capnitaqae
789 2416 915 2462 caussa
948 2396 1119 2483 decernit,
1162 2396 1301 2459 maxime
1321 2361 1390 2404 „aa

245 2518 478 2584 discernantur
506 2520 547 2584 ab
580 2521 639 2596 iis,
675 2536 761 2607 pane
792 2517 834 2582 de
864 2518 971 2604 plano
1001 2515 1094 2601 fiarot
1126 2519 1226 2601 atque
1256 2534 1302 2579 ea

246 2636 367 2703 ordtrce
399 2643 511 2724 mapts
544 2643 696 2727 irrrtsqne
728 2637 925 2703 celebrandi
960 2657 1086 2704 caussa
1129 2654 1226 2721 quum
1262 2636 1302 2701 ob

246 2763 520 2825 controuersiam
541 2759 772 2827 dirimendam
793 2776 814 2823 a
834 2757 998 2824 Praetore
1020 2749 1207 2851 petuntur?

308 2934 487 3001 Enimuero
514 2935 560 3000 arl
584 2938 703 3001 iustam
730 2952 869 3002 caussae
897 2936 1122 3024 cognitionem
1143 2939 1215 3017 tarn⁴
1232 2938 1303 3000 iure

246 3058 336 3121 ciuili
359 3074 454 3141 quam
476 3059 635 3122 communi
659 3057 871 3122 humanitatis
891 3060 1021 3123 rationo
1042 3057 1123 3123 nihil
1136 3058 1305 3142 antiquius

247 3181 315 3258 cst,
353 3196 448 3261 quam
470 3181 507 3242 ut
530 3197 666 3262 quorum
687 3198 743 3243 res
765 3181 895 3267 agitur,
928 3181 1117 3264 priusquam
1139 3179 1304 3245 decerna-

247 3305 318 3385 tur,
340 3300 758 3383 plenissime·aadtantar.
802 3300 852 3365 At
872 3319 953 3366 uero
983 3300 1132 3384 exsules,
1168 3303 1304 3387 mortui,

246 3423 344 3505 quiue
367 3422 500 3486 latitant
522 3425 579 3486 aut
600 3423 743 3507 absunt,
765 3421 928 3506 quomodo
950 3425 1108 3506 poterunt
1130 3414 1263 3487 audiri?

310 3599 463 3664 Alterum
486 3601 553 3686 est,
575 3602 613 3663 ut
628 3617 677 3693 ex
699 3599 791 3663 facto
813 3599 1052 3687 inuestigetur,
1074 3598 1161 3683 quod
1184 3607 1305 3682 postu-

246 3721 335 3785 latur
355 3740 376 3785 a
397 3719 577 3806 Praetore,
609 3723 717 3784 utrum
740 3722 829 3798 iure,
851 3720 941 3809 iege,
964 3718 1103 3798 Edicto,
1135 3723 1305 3805 aequitate

247 3840 381 3906 decerni
414 3844 507 3907 recte
536 3842 643 3925 possit
671 3860 714 3905 an
743 3858 862 3915 secus;
902 3841 1005 3905 ueluti
1038 3859 1109 3907 cum
1140 3840 1181 3909 dc
1209 3843 1305 3907 bonis

247 3962 406 4046 alicuius,
442 3965 518 4047 quia
549 3960 769 4027 fraudationis
801 3979 920 4028 caussa
952 3940 1063 4027 latitet
1094 3938 1153 4027 aut
1181 3964 1306 4029 absens

248 4100 315 4144 non
337 4082 559 4155 defendatur,
582 4082 793 4168 possidendis
806 4088 945 4172 agatur,
970 4082 1122 4149 Praetori
1138 4103 1305 4168 quaeren-

248 4202 322 4267 dum
345 4206 429 4282 erit,
465 4223 540 4267 num
563 4205 690 4290 latitet,
724 4225 801 4269 num
833 4206 940 4292 absit,
978 4225 1054 4270 num
1087 4204 1306 4291 defendatur3

248 4343 332 4409 quae
355 4329 452 4409 prout
478 4327 673 4413 coguouorit
697 4345 734 4392 se
756 4325 896 4409 habere,
928 4330 985 4390 aut
1007 4324 1196 4390 redditurus
1218 4324 1306 4409 quod
