3352 5276
436 448 496 510 176
548 443 642 546 Cup.
662 446 697 519 Ι.
749 444 810 519 De
835 450 920 520 iure
947 468 1107 521 causaue
1136 445 1401 532 Quinctianae.

266 648 403 744 ⁹3:⁸33}
433 656 501 702 rem
536 636 667 703 dubium
696 640 797 721 atque
824 638 858 699 ln
888 637 1082 702 coniectura
1110 639 1211 700 totam
1236 638 1397 721 positam,
1434 657 1496 723 qun

414 778 496 843 -par
523 763 590 846 est,
622 760 848 844 uerecundia,
884 758 997 843 paullo
1019 762 1120 823 antea
1143 754 1496 838 demonstrauimus¹³).

434 879 543 946 Unum
566 879 630 946 hoc
652 879 762 961 addo,
797 881 899 968 longe
923 880 1072 965 pluribus
1094 881 1206 945 uerbis
1233 885 1401 946 oratorem
1424 883 1496 947 ela-

399 1052 403 1067 ,
434 1005 553 1070 horare
589 1007 626 1067 ut
654 1002 800 1089 docent,
833 1001 1021 1067 uadimonio
1057 1001 1193 1067 deserto
1227 1001 1496 1087 quemadmodum

432 1129 603 1209 aequitate
633 1127 709 1211 uti,
745 1123 980 1189 humanitatem
1017 1124 1154 1212 colere,
1191 1123 1233 1190 de
1266 1127 1337 1189 lure
1372 1145 1496 1190 summo

434 1250 603 1313 remittere
625 1247 773 1311 Naeuius
787 1245 957 1329 debuerit,
980 1263 1075 1330 quarn
1092 1248 1128 1309 ut
1143 1244 1363 1311 uadimonium
1379 1245 1496 1313 deser-

434 1374 502 1434 tum
523 1387 598 1434 esse
620 1368 814 1457 redarguat,
839 1372 898 1432 aut
919 1369 1001 1431 luris
1022 1370 1154 1432 omnino
1177 1366 1257 1433 nllrll
1280 1388 1323 1434 ex
1345 1371 1497 1435 uadimo-

434 1494 490 1556 nio
513 1490 646 1556 deserto
670 1490 830 1556 Naeuium
853 1488 1009 1555 habuisse
1033 1484 1244 1567 ostendat¹⁴).

283 1673 402 1706 maon·
496 1646 659 1737 Sequitur
690 1650 798 1716 altera
826 1668 924 1735 pars,
958 1651 992 1713 in
1020 1667 1088 1734 qun
1118 1668 1179 1732 per
1207 1651 1320 1735 capita
1353 1648 1498 1714 lu-ar.

434 1775 542 1838 oratio
565 1778 727 1837 uersatur.

497 1928 640 1998 Constat
662 1933 747 1996 locis
768 1933 935 2017 quinque:

497 2055 524 2120 Ι.
546 2051 701 2135 Quotuor
722 2054 850 2118 illarum
870 2053 1107 2137 clausularum,
1129 2054 1249 2139 quibus
1264 2057 1500 2119 enumerantur

435 2195 572 2261 quorum
594 2176 683 2240 bona
704 2193 724 2239 a
747 2173 970 2240 creditoribus
994 2175 1158 2259 possideri
1180 2158 1297 2259 liceat,
1319 2176 1411 2243 nullu
1436 2180 1500 2258 est,

435 2300 469 2362 in
493 2316 587 2383 quam
611 2294 788 2378 Quinctius
809 2296 974 2362 inciderit.
995 2315 1024 2363 e.
1048 2295 1183 2360 19-22.

497 2457 543 2522 11.
565 2453 604 2523 Si
638 2475 680 2522 ex
708 2455 830 2522 Edicto
865 2456 952 2522 bona
985 2456 1134 2522 Naeuius
1163 2455 1395 2541 possedisset,
1430 2458 1501 2522 suis

433 2580 639 2662 temporibus
667 2582 795 2645 caeteri
824 2578 1011 2645 creditores
1053 2575 1199 2660 Quinctii
1241 2580 1500 2665 conuenissent,

434 2702 524 2766 bona
553 2708 662 2766 sutem
697 2703 894 2767 neniissent.
949 2701 1056 2788 Atqui
1092 2701 1175 2767 haec
1209 2719 1374 2786 nunquam
1407 2701 1501 2766 iacta

434 2825 522 2888 suut.
578 2824 654 2888 Non
684 2826 798 2908 potest
832 2824 936 2911 igitur
967 2823 1117 2889 Naeuius
1147 2824 1235 2888 bona
1272 2820 1417 2905 Quinctii
1455 2841 1501 2887 ex

435 2944 557 3011 Edicto
580 2944 781 3030 possedisse.
804 2962 833 3011 c.
855 2942 907 3005 23.
930 2944 981 3006 at.

498 3104 564 3169 Ill.
585 3100 667 3170 Sex.
695 3104 813 3170 Alieni
843 3105 946 3190 bona,
983 3125 1081 3190 quum
1110 3106 1199 3170 inter
1228 3101 1389 3172 Sullanas
1417 3124 1503 3190 pro-

436 3227 638 3310 scriptiones
667 3228 800 3310 publlce
833 3227 1007 3310 uenirent,
1038 3225 1187 3292 Naeuius
1216 3229 1303 3293 eruit.
1346 3226 1404 3292 Ad
1428 3245 1504 3291 eam

436 3350 635 3433 emptionem
670 3351 795 3414 seclum
831 3346 935 3435 edidit
964 3346 1003 3412 P.
1037 3344 1236 3429 Qrdnctium.
1293 3344 1365 3415 Suo
1398 3350 1505 3436 igitur

435 3462 558 3536 iudicio
586 3471 658 3556 ipse
687 3473 756 3535 tum
784 3454 1117 3553 confirmabat‚'non
1145 3489 1221 3536 esse
1243 3471 1331 3536 bona
1354 3466 1506 3551 Quinctii

371 3660 373 3664 ,
435 3611 479 3657 ex
501 3591 623 3659 Edicto
645 3610 825 3676 possessa,
846 3610 921 3656 num
939 3611 1029 3675 eum,
1051 3593 1107 3678 qui
1124 3592 1222 3659 bonis
1235 3592 1305 3656 suis
1320 3610 1362 3656 ex
1379 3591 1505 3656 Edicto

435 3717 605 3799 possessis
633 3715 743 3779 iamne
771 3712 1002 3779 detrimentum
1032 3718 1066 3779 et
1089 3715 1183 3798 quasi
1206 3692 1327 3798 capitis
1349 3712 1506 3778 deminu-
1639 3802 1640 3805 Ἴ

436 3836 561 3900 tionem
573 3854 694 3921 passus
705 3834 818 3919 luerit,
830 3854 926 3900 nemo
938 3837 1026 3901 solet
1037 3838 1163 3902 socium
1175 3836 1237 3901 sibi
1251 3837 1388 3925 eligere.
1410 3832 1506 3904 cu,
1639 3850 1640 3863 ¹

470 4125 517 4182 13)
536 4122 606 4188 §·8.
622 4140 648 4189 p.
660 4125 720 4176 1os.
736 4128 764 4175 in
778 4127 804 4175 d.
820 4131 883 4177 notu
895 4126 940 4176 48.
999 4127 1061 4190 pitis
1079 4127 1123 4176 18.
1143 4127 1308 4189 uersiculos,
1339 4129 1367 4177 iu
1386 4127 1435 4178 illo
1457 4141 1512 4192 per

472 4213 517 4277 lt)
536 4216 661 4272 liehoc,
692 4229 777 4278 quum
796 4216 942 4265 maledictu
999 4216 1081 4279 longa
1105 4217 1156 4265 triu
1176 4218 1264 4279 capitu
1284 4214 1423 4280 (15-17.)
1444 4231 1514 4267 ora·
1638 4276 1639 4293 χ

437 4305 602 4366 detraxeris,
632 4318 733 4368 paucos
753 4305 878 4354 inuenies
899 4317 941 4354 ca·
999 4306 1036 4355 tio
1056 4312 1249 4356 commoratur.
1638 4302 1639 4345 l
