3310 5280
297 1104 320 1114 -
365 1083 398 1127 ¹8.

293 1227 320 1238 -
365 1206 399 1251 ii.

294 1474 320 1484 —
364 1450 403 1497 2⁰.

293 1715 317 1728 ··
364 1694 398 1739 21.

294 1939 398 1983 -22

420 454 482 516 252

599 450 693 553 Cup.
721 451 780 527 ΙΙ.
833 449 894 526 De
919 455 1110 527 uarietate
1135 454 1305 527 iectionis

869 643 952 728 Cap.
974 639 1037 708 23.

545 817 634 882 bene
655 836 722 882 nnn
745 806 934 896 uentertnt]
958 815 1046 882 bone
1061 835 1153 881 ituree
1169 817 1349 881 uenierint:
1373 814 1433 899 Pb,
1456 832 1484 900 e,

588 937 628 1020 d,
650 938 681 1022 i,
702 939 790 1027 g‚·t.
813 977 851 989 -
878 936 968 1003 totta
990 941 1185 1003 ueniertut:
1209 934 1277 1019 Pa,
1300 935 1330 1000 h.

545 1050 752 1145 sponsores]
773 1077 1010 1144 possessores:
1036 1052 1160 1131 Pium)

547 1186 581 1247 et
603 1182 793 1266 complures
819 1169 979 1261 fuerunt]
1022 1180 1154 1246 Desunt
1177 1181 1210 1244 tn
1233 1179 1273 1244 B.
1297 1177 1365 1266 Pu,
1387 1179 1425 1260 b,
1448 1178 1485 1264 d,
1533 1170 1535 1179 '

588 1301 618 1387 i,
640 1322 681 1391 g,
703 1301 742 1387 h,
763 1303 789 1384 i,
810 1303 840 1386 t,
861 1323 893 1367 n.

545 1419 647 1490 Ceius
669 1414 799 1504 frater]
832 1419 962 1491 Onetor
984 1423 1106 1489 frater:
1131 1423 1196 1507 Pb,
1219 1442 1248 1489 e.
1270 1461 1310 1474 -
1334 1418 1485 1487 Ueetttres

586 1529 639 1632 ᾗ.
662 1545 786 1611 frater:
809 1544 869 1612 Pu.

546 1673 581 1733 et
602 1669 643 1733 tis
666 1657 766 1749 deb.]
789 1670 823 1733 et
845 1665 900 1733 iste
923 1666 1014 1733 deii:
1037 1666 1103 1748 Pu,
1128 1684 1165 1748 e,
1185 1664 1225 1751 Ιι,
1247 1666 1276 1749 t,
1300 1685 1338 1729 ru.

547 1807 654 1874 neque
677 1777 813 1869 tumen]
842 1807 911 1854 urm
933 1791 1061 1853 tumen:
1085 1787 1135 1852 Pi.

544 1901 728 2000 insignite]
751 1913 959 1997 treetyrttter:
983 1905 1107 1982 Plum)

295 2061 399 2106 ,Μ
418 2026 453 2113 §.
468 2030 519 2096 ii.
541 2052 626 2096 uuus
648 2032 711 2097 iuit
734 2077 742 2094 .
765 2079 773 2094 .
795 2078 802 2094 .
826 2074 836 2095 .
856 2031 945 2096 ultre
969 2020 1131 2110 deberet]
1156 2030 1285 2096 Desunt
1311 2032 1344 2095 tn
1366 2029 1427 2096 Pk.
1436 2023 1486 2108 199)

455 2363 516 2432 127)
535 2365 646 2418 Beeitur
662 2364 741 2417 effert
757 2364 811 2418 Mr.
834 2365 924 2415 Ursini

419 2461 445 2506 et
463 2454 528 2506 Ceti.
548 2455 596 2518 S.,
623 2455 671 2505 ubi
690 2467 722 2505 ee
742 2455 822 2505 tectio
840 2454 923 2505 hebe-

418 2550 489 2596 ntur.
517 2544 802 2605 orettrustuttuuut,
822 2555 924 2593 neme·

418 2647 449 2685 ru
462 2638 534 2684 esset
553 2633 644 2682 Ursini
656 2633 822 2683 conteetnre.
844 2630 923 2682 Certe

418 2723 522 2774 nultius
542 2722 622 2786 pretii
640 2726 691 2771 est.
727 2720 768 2771 Its
786 2721 924 2782 sponsori-

418 2812 468 2862 bur
493 2816 518 2861 et
543 2808 720 2860 creditoribus
745 2810 785 2858 rie
812 2810 924 2858 coutun-

419 2902 468 2951 etir
492 2899 567 2951 coni.
596 2897 652 2948 Len
686 2898 760 2947 Iulia
792 2898 921 2959 municip.

418 3002 480 3053 erp.
504 2988 530 3038 8.
550 2987 629 3048 (Tei.
650 2986 776 3040 Heraei„
807 2984 925 3035 Dirtsen

418 3091 446 3142 p.
461 3070 516 3141 72.)
536 3076 607 3140 «qui
625 3074 800 3137 sponsoribus
813 3075 925 3125 credite-

419 3164 550 3215 uriburue
568 3165 624 3214 suts
648 3164 822 3214 rennncinnit
848 3196 856 3211 .
883 3198 891 3214 .
914 3196 922 3211 .

419 3267 471 3305 use
488 3253 606 3304 solidum
619 3252 728 3303 soluere
745 3265 802 3302 non
814 3264 923 3315 posse.»

418 3342 535 3405 Ptttrpp.
564 3341 618 3402 vl,
649 3340 684 3402 t,
713 3343 773 3391 te:
803 3341 924 3391 uuidere

419 3431 584 3496 «potuistis,
603 3431 724 3495 qnotidie
742 3442 884 3492 sponsores
899 3433 925 3479 et

419 3521 586 3571 «creditores
611 3519 642 3570 L.
668 3519 800 3570 Trebellii
824 3531 924 3569 eunus·

419 3611 530 3661 inire.»

454 3693 515 3761 128)
541 3696 619 3760 Apud
644 3693 827 3745 Garatonium
852 3695 925 3745 hunc

420 3785 532 3834 inuenio
549 3783 580 3833 F.
612 3784 701 3833 ttrstnt
719 3788 829 3833 notnmr
859 3783 925 3831 rin·

420 3873 556 3935 «siqniter
573 3874 671 3922 rectius
690 3876 769 3921 uetus
788 3871 884 3921 tiber.»

454 3956 515 4025 129)
535 3960 641 4020 Locus,
661 3962 700 4011 uti
716 3962 802 4023 uulgo
818 3960 923 4019 editur,

419 4050 582 4099 sanissimus
602 4049 712 4113 quidem
743 4063 775 4099 nc
799 4047 924 4113 pienissi-

419 4152 575 4198 mesenen,
593 4142 712 4188 attamen
725 4142 752 4188 et
767 4139 924 4188 coniectura

420 4232 446 4277 et
464 4227 687 4290 interpretatione
713 4226 789 4275 uaris
815 4224 924 4276 incessi·

419 4320 470 4366 tus.
507 4316 596 4380 Atque
619 4313 770 4365 Hetemarri
794 4318 821 4363 et
847 4313 925 4364 Lem·

980 2364 1037 2416 teu
1062 2366 1213 2415 tentamine
1242 2370 1352 2415 strenue
1379 2363 1485 2427 repute-

980 2458 1044 2504 runt
1061 2467 1124 2504 eum
1141 2451 1269 2505 Mauricio
1295 2451 1484 2505 (initiantur,

981 2540 1129 2597 Gruterus,
1157 2539 1310 2603 Grneutrr,
1341 2541 1487 2591 Scietierur

980 2627 1068 2696 (Obrr.
1089 2646 1117 2695 p.
1136 2627 1204 2695 tt).
1232 2630 1335 2682 Rursus
1351 2629 1488 2679 Seiitniur

979 2721 1026 2772 utx
1046 2735 1076 2772 se
1094 2719 1248 2782 continuit,
1275 2721 1342 2784 quin
1361 2719 1489 2770 emendu-

980 2814 1031 2860 τοι.
1058 2809 1132 2859 «Per
1149 2809 1316 2873 sequidem,
1337 2808 1434 2872 inquit,
1447 2808 1489 2857 ni·

980 2898 1043 2949 snit
1053 2898 1175 2961 impedit,
1187 2899 1338 2962 quominus
1347 2899 1397 2948 istu
1405 2896 1489 2947 uerba

980 2987 1042 3036 «sie
1058 2984 1101 3049 (ex
1119 2985 1366 3037 iliorumVV.1tD·
1381 2990 1489 3035 senten·

979 3071 1039 3137 tir),
1056 3076 1252 3138 «accipiuntur.
1271 3075 1371 3126 Mirum
1385 3079 1487 3133 tumen,

980 3163 1163 3215 «Ciceronem
1181 3176 1317 3227 nusquam
1336 3163 1401 3213 sttui
1419 3163 1488 3213 Nae-

980 3253 1051 3303 «uio
1079 3253 1133 3303 hon
1163 3253 1302 3313 obiicere,
1334 3251 1407 3315 quod
1433 3252 1489 3312 ipre

982 3339 1117 3402 «Quintio
1129 3340 1275 3391 debuerit.»
1309 3341 1386 3390 ltnne
1399 3341 1490 3390 uero?

981 3429 1078 3480 Nonne
1096 3443 1179 3492 supra
1198 3443 1223 3480 e.
1238 3429 1265 3479 8.
1280 3434 1420 3489 narratur,
1440 3441 1489 3491 po·

981 3523 1040 3568 stes
1067 3523 1159 3568 nutem
1184 3518 1225 3568 bis
1252 3514 1287 3582 (e.
1314 3518 1358 3568 13.
1384 3522 1411 3567 et
1428 3512 1488 3577 28.)

981 3607 1136 3669 repetitur,
1165 3606 1324 3669 Quinctium
1352 3605 1490 3654 condicto·

980 3708 1046 3745 nem
1063 3695 1159 3745 tutisse
1178 3695 1301 3756 Naeuio,
1326 3697 1357 3744 ut
1374 3694 1490 3741 inuicem

979 3783 1130 3833 iudicatum
1148 3783 1218 3832 solui
1235 3784 1307 3833 iuter
1328 3795 1356 3831 re
1373 3782 1490 3830 enudu-

980 3876 1049 3922 rerrt.
1088 3871 1147 3921 Hoc
1164 3885 1231 3922 nero
1243 3870 1490 3933 mediusfidiusqui

981 3960 1068 4023 potuit
1086 3959 1228 4022 Quinctius
1248 3973 1304 4010 non
1326 3961 1408 4010 modo
1428 3972 1491 4022 pro·

981 4049 1114 4099 nunciare
1133 4062 1230 4099 uerum
1251 4051 1333 4100 etium
1351 4049 1488 4110 cogitare,

982 4138 1034 4187 nisi
1057 4137 1129 4188 ultro
1154 4138 1290 4189 Naeuium
1317 4137 1416 4187 debere
1436 4136 1491 4186 sibi

981 4227 1152 4288 intenderet,
1182 4240 1268 4290 enque
1295 4230 1385 4276 menie
1407 4227 1492 4275 aetio·

981 4328 1044 4365 nem
1064 4328 1173 4379 qunque
1192 4317 1340 4366 dictaturus
1360 4316 1455 4364 esset?
