3352 5276
200 533 237 607 s.
254 522 294 593 8.
321 517 381 590 At
400 516 468 606 Qr.
486 517 675 591 absentent
691 525 794 592 recte
810 515 1021 616 defmtdcrit
1036 517 1162 592 noenu
1202 519 1261 581 153
1284 561 1290 575 ·

200 709 337 775 delinire
375 710 501 773 nostris
543 708 688 773 moribus
731 727 799 772 non
836 705 1028 773 iudiciariae
1069 709 1260 794 cuiusquam
1283 711 1425 821 ,13:¹³⁸ss

200 832 392 917 potestatis,
414 828 474 894 sed
495 849 640 894 summae
663 832 791 894 tantum
812 830 997 895 maiestatis
1018 848 1094 894 esse
1115 832 1263 915 putatur.
1281 827 1366 878 ”¹¹⁸2

265 951 338 1034 Qua
368 952 528 1037 peculiari
557 954 688 1016 rationo
718 953 849 1036 quoties
878 952 1002 1016 tribuni
1031 951 1155 1035 plebis,
1190 953 1263 1016 siue

200 1075 323 1163 singuli
344 1074 416 1139 siue
438 1092 499 1158 pro
522 1075 678 1160 collegio,
699 1071 1139 1139 aduersusiurlsdictlonem
1153 1073 1263 1138 Prac-

199 1198 284 1261 toris
304 1197 403 1261 alicui
424 1196 588 1282 litigatori
610 1194 797 1260 debitoriue
811 1196 969 1260 auxilium
985 1196 1150 1275 tulerunt,
1170 1195 1264 1259 eius-

200 1316 287 1383 modi
309 1318 550 1385 intercessione
573 1336 639 1381 non
661 1319 727 1382 tam
742 1318 1023 1383 iurisdictionem
1038 1335 1134 1401 quam
1150 1321 1265 1399 ipsum

199 1444 254 1505 tus
276 1439 377 1505 uuile
399 1442 458 1503 aut
479 1438 634 1503 infirmari
656 1404 861 1520 aut⁸corrigi
893 1436 1173 1503 euidentissimum
1202 1443 1265 1504 est.

262 1560 399 1645 Rcupse
439 1579 520 1625 uero
562 1558 720 1653 eiusmodi
759 1540 964 1624 tribunorum
1002 1561 1159 1624 auxilium
1198 1561 1265 1625 all-

199 1682 333 1768 quundo
364 1701 426 1747 usu
458 1682 610 1763 uenisse,
645 1700 718 1748 cum
755 1684 896 1766 propter
931 1683 1124 1770 generalem
1155 1681 1266 1747 tribu-

199 1804 278 1869 nicii
299 1804 413 1868 auxilii
440 1806 609 1885 naturum,
645 1821 710 1887 qua
739 1821 848 1887 neque
874 1801 1135 1869 iurisdietionem
1159 1803 1264 1867 solam

199 1927 350 2009 spectat,
385 1943 494 2009 neque
525 1923 690 1990 aduersus
723 1943 822 1989 uuum
855 1925 998 2010 aliquem
1030 1925 1263 2014 magistratum

200 2045 371 2134 dirigitur,
397 2038 650 2113 sed'commuue
674 2045 913 2111 ordinariorum
936 2048 971 2109 lu‘
997 2047 1080 2111 urbe
1109 2049 1265 2131 potesta-

199 2170 267 2232 tum
290 2170 430 2232 omnium
452 2170 746 2265 temperamentum
768 2168 900 2255 iegibus
922 2168 1154 2250 constituitur,
1186 2187 1265 2234 cre-

199 2288 300 2354 dibile
323 2292 393 2370 est,
417 2293 483 2354 tum
505 2291 687 2354 notissimis
709 2290 838 2354 illarum
852 2291 1131 2356 intercessionum
1148 2309 1266 2356 exem-

199 2412 266 2495 plis
287 2411 515 2494 confirmatur,
546 2429 631 2495 quas
652 2413 771 2494 purtim
793 2406 995 2476 Consulibus
1016 2414 1050 2475 et
1073 2413 1128 2496 qui
1151 2431 1264 2476 eorum

198 2532 306 2599 locum
329 2533 504 2615 tenebant,
533 2532 567 2595 in
590 2529 723 2596 delectu
745 2532 879 2595 militurn
895 2525 931 2610 21)
960 2534 1168 2616 comitiisque
1200 2532 1265 2597 bs-

200 2648 368 2732 bondis²²l
401 2656 435 2717 et
465 2671 496 2737 q.
527 2671 561 2739 g.
582 2644 679 2736 a.²³),
713 2653 833 2734 partim
864 2652 1100 2740 Praetoribus,
1131 2657 1165 2716 iu
1193 2656 1265 2719 iure

201 2775 396 2859 praesertim
419 2772 584 2838 aduersus
606 2772 779 2839 debitores
793 2772 936 2838 dicendo
949 2767 1003 2861 21),
1026 2773 1168 2859 denique
1184 2777 1266 2861 ipsis

234 3031 281 3096 21)
300 3033 361 3084 Liu.
386 3033 426 3095 11,
457 3034 570 3086 1311.
597 3034 647 3092 11,
676 3034 703 3084 1.
795 3033 842 3098 22)
866 3034 927 3085 Ltu.
952 3034 1004 3095 11,
1028 3034 1131 3087 35.“-“
1165 3035 1265 3088 Contra

201 3135 276 3185 seqq.
291 3123 334 3171 12.
348 3122 392 3172 53.
405 3122 454 3184 11,
472 3123 516 3173 27.
531 3124 575 3173 31.
589 3123 703 3185 Dionys.
761 3124 828 3174 iuris
842 3120 968 3188 (publici)
982 3125 1074 3175 tuendi
1090 3139 1201 3176 csussu:
1222 3126 1263 3176 ld.

199 3209 266 3258 Hot.
287 3211 363 3272 1111,
394 3212 512 3273 37111,
543 3215 570 3262 1.
592 3218 643 3262 etc·
669 3237 704 3246 -
760 3211 825 3272 111,
845 3213 888 3264 17.
907 3210 1019 3275 XXVII,
1039 3214 1066 3264 6.
1086 3214 1173 3276 XXV,
1193 3215 1220 3264 2.

201 3300 233 3348 In
251 3298 304 3348 buo
326 3313 435 3364 quoquo
459 3314 507 3362 ro,
535 3301 662 3364 quemuis
687 3313 703 3350 a
794 3297 841 3365 23)
860 3301 900 3351 Be
917 3300 1018 3351 tributo
1031 3300 1188 3366 conserendo
1202 3301 1265 3351 uide

201 3388 276 3437 ciuili
295 3388 482 3439 iurisdictione
500 3389 703 3450 diuersissima,
758 3385 820 3439 Lis.
840 3389 896 3451 IV,
916 3390 960 3440 eu.
980 3391 1017 3448 1,
1038 3392 1080 3442 12.
1100 3391 1154 3452 Vl,
1174 3391 1218 3441 31.

201 3477 331 3539 distingui
364 3482 457 3527 tumen
489 3482 602 3540 possunt
633 3491 705 3551 quas
795 3473 841 3541 21)
866 3477 927 3526 Liu.
952 3478 1002 3539 11,
1033 3479 1078 3529 27.
1103 3479 1146 3528 31.
1167 3478 1212 3529 31.
1234 3503 1263 3515 -

200 3569 279 3616 ostro
297 3566 416 3615 ordinem
439 3565 554 3626 debunt,
582 3567 706 3616 ulterius·
761 3565 802 3615 ld.
816 3565 971 3628 xxxviii,
985 3567 1098 3617 58-110.
1116 3564 1270 3637 13111111).Ι

200 3667 251 3717 quo
275 3656 353 3704 buius
379 3655 482 3717 penoris
507 3659 587 3715 sunt,
619 3655 704 3706 ueluti
761 3653 813 3715 11,
833 3656 865 3715 1,
884 3654 912 3704 8.
931 3679 965 3690 -
985 3655 1065 3719 Apud
1084 3655 1201 3705 eundem
1220 3668 1267 3706 su·

201 3743 322 3806 exemplu
342 3744 424 3793 modo
447 3743 546 3804 allate,
577 3743 611 3792 ab
634 3744 705 3793 eius·
761 3747 866 3791 ctorem
878 3740 952 3805 (111,
969 3743 1002 3805 7,
1022 3744 1062 3798 ti.)
1076 3744 1190 3794 traditur
1203 3742 1268 3794 Gon-

201 3832 275 3882 modi
294 3833 464 3882 tribunorum
487 3820 604 3893 auxilio,
632 3832 704 3896 quod
760 3830 827 3878 sutis
844 3831 976 3883 aduersus
996 3833 1038 3882 ius
1057 3846 1073 3882 u
1091 3833 1220 3884 Praetura
1233 3834 1267 3884 de

201 3922 232 3969 in
247 3921 306 3969 iure
321 3922 397 3982 ipso,
425 3934 481 3970 nou
502 3920 577 3970 nous
594 3921 705 3984 quidem
761 3920 923 3971 testamento
953 3920 1045 3985 aliquo
1069 3921 1171 3972 dictum
1197 3923 1266 3972 mire

201 4014 229 4057 st
245 4008 378 4069 militari,
405 4014 550 4070 uersatur,
582 4023 633 4058 neo
652 4011 705 4060 nisi
762 4007 896 4068 quaedum
913 4009 995 4059 huius
1013 4012 1121 4074 generis
1138 4013 1268 4062 interces-

202 4096 272 4146 iusta
291 4109 404 4146 caussae
422 4098 496 4159 eius,
525 4111 578 4162 qus
597 4098 631 4149 de
649 4098 705 4161 sgi-
761 4090 820 4161 sio,
842 4109 912 4161 quae
931 4103 1037 4160 tamen,
1065 4100 1213 4150 dummodo
1232 4100 1265 4149 sd

202 4190 261 4243 tur,
286 4183 440 4245 cognitione
459 4191 573 4236 constat.
622 4186 705 4238 Cuius
762 4192 921 4251 sequentem
939 4189 1125 4238 narrationem
1144 4193 1266 4237 transeas

202 4287 265 4322 ecce
301 4273 453 4335 exemplum
492 4276 565 4336 apud
598 4274 706 4325 Liuium
760 4275 807 4339 (ib.
821 4273 851 4339 §-
864 4273 915 4345 7.),
936 4277 1056 4340 proxime
1070 4275 1117 4325 tibi
1130 4274 1267 4324 uidebitur

202 4362 290 4421 11111,
310 4361 353 4411 32.
375 4373 469 4424 seqq..
488 4367 516 4412 st
534 4361 613 4412 nlius.
761 4366 795 4415 ab
825 4366 871 4415 illo
902 4365 1017 4416 arbitrio
1048 4363 1163 4422 distare,
1194 4363 1265 4426 quod
