3420 5280
409 467 450 529 56
504 463 598 565 Gap.
626 466 663 541 Ι.
714 463 777 540 De
800 469 888 541 iure
912 488 1074 541 caussae
1101 465 1363 555 Quinctianae.

239 654 389 762 ³3:223&
471 651 558 738 Quid
595 674 678 740 ergo
716 647 795 722 esti
823 655 980 722 Nimirum
1015 655 1148 722 abunde
1178 660 1290 743 patet,
1326 656 1390 726 hoc
1420 660 1472 725 ius

293 779 298 787 '
407 776 529 844 Edicto
552 778 608 842 iiio
627 779 746 866 statui,
767 779 822 862 ut,
844 777 898 864 qui
913 775 1133 843 uadimonium
1149 777 1352 870 deseruerit,
1374 779 1472 846 dum-

406 898 504 965 modo
533 900 627 964 simui
661 899 759 964 eiiam
788 899 900 964 latitet
929 902 988 964 aut
1009 900 1117 985 absit,
1157 918 1220 966 neo
1249 899 1471 983 defendatur,

407 1022 480 1087 eius
500 1022 590 1088 bona
612 1018 858 1105 possideantur.

469 1141 568 1209 Unde
599 1162 695 1227 qurum
718 1145 898 1228 appareat,
927 1140 1147 1208 uadimonium
1170 1141 1338 1225 desertum
1360 1143 1471 1210 haud-

407 1282 569 1350 quaquam
592 1282 653 1328 sna
675 1264 707 1327 ui
729 1282 769 1330 ae
794 1266 964 1349 potestate
979 1265 1077 1330 bouis
1091 1264 1305 1349 possidendis
1319 1284 1470 1333 caussam

407 1358 615 1472 praebuisse,
643 1383 703 1450 sed
725 1386 772 1450 ita
796 1384 941 1471 demum,
972 1385 1001 1449 si
1023 1388 1081 1451 aut
1104 1387 1304 1453 iustitutionis
1324 1391 1382 1454 aut
1404 1389 1469 1454 ab·

407 1510 538 1573 sentiae
566 1526 686 1573 caussa
707 1505 905 1587 accederet,
941 1507 1152 1592 perspicuum
1175 1509 1274 1574 eiiam
1298 1511 1381 1593 erit,
1413 1528 1471 1576 er-

405 1648 499 1712 rare,
533 1631 588 1715 qui
617 1628 838 1694 uadimonium
868 1627 1035 1695 desertum
1068 1633 1212 1715 quatuor
1236 1632 1303 1696 iliis
1324 1633 1470 1712 causus,

407 1769 492 1837 quae
519 1752 672 1838 singulae
701 1750 864 1816 debitoris
890 1751 978 1816 bona
1010 1754 1047 1817 ιι
1070 1750 1324 1837 possiderentur
1354 1752 1470 1819 eiiiee-

405 1874 500 1958 rent,
521 1891 582 1957 pro
605 1872 735 1957 aequali
758 1875 1044 1969 ¹comparauerini,
1066 1873 1247 1959 eodemque
1269 1872 1385 1940 ordine
1406 1893 1469 1962 pro

406 1995 521 2080 quinta
541 1992 734 2060 adiecerint.

470 2112 565 2197 Quae
592 2117 679 2179 ratio
713 2117 741 2180 si
771 2116 802 2182 ei
831 2115 972 2200 Edicto,
1008 2136 1072 2202 quo
1100 2114 1270 2204 Ulpianus
1297 2136 1378 2182 usus
1400 2117 1470 2198 est,

406 2255 474 2301 non
496 2239 670 2322 conuenit,
703 2255 766 2303 nae
788 2238 845 2302 iiia
866 2238 969 2325 longe
989 2238 1117 2323 aberit,
1151 2243 1189 2301 ut
1210 2239 1268 2302 aut
1292 2232 1470 2304 Ciceroode

406 2360 511 2423 aetati
532 2334 591 2423 aut
607 2356 727 2425 Edicto
743 2357 911 2424 Bumeai
925 2357 1098 2424 Praetoris
1118 2361 1178 2424 aut
1199 2377 1340 2425 caussae
1357 2357 1470 2439 Quire-

406 2484 468 2545 ctii
490 2480 662 2546 conciliari
683 2480 802 2565 possit.

467 2599 551 2667 Nam
588 2603 821 2686 praeterquam
854 2597 942 2686 quod
976 2600 1116 2667 inferius
1148 2601 1348 2688 apparebit,
1384 2618 1470 2686 quae

405 2721 503 2788 modo
525 2722 706 2788 secundnm
733 2719 921 2808 Uipiuuuum
942 2723 1176 2809 probantum,
1198 2720 1331 2806 eadem,
1352 2723 1381 2788 si
1402 2741 1470 2788 noa

404 2844 522 2910 uerbis
540 2842 680 2924 Edicit,
702 2845 738 2909 ai
759 2861 797 2908 re
818 2844 892 2928 ipsa
913 2847 1014 2930 atque
1035 2844 1117 2908 iuris
1135 2845 1265 2908 ratione
1290 2838 1470 2910 Ciceronis

404 2967 468 3030 iam
496 2966 609 3030 aetate
636 2965 839 3049 obtinuisse3
870 2967 1031 3030 neminem
1061 2967 1174 3050 potest
1203 2965 1329 3052 latere,
1370 2984 1469 3030 unum

295 3068 299 3073 ¹
405 3087 554 3173 quidem,
580 3089 614 3150 in
644 3088 731 3151 omni
762 3105 802 3151 ea
832 3104 954 3153 caussa
979 3089 1139 3153 acerrime
1165 3087 1326 3175 pugnari,
1355 3076 1469 3170 Quoiu-

405 3214 496 3275 ctiue
529 3209 770 3274 erudimentum
811 3208 1004 3274 deseruerit
1042 3227 1167 3292 saeuae,
1204 3212 1344 3274 aiterum
1383 3227 1470 3275 eon-

406 3335 459 3395 tra
481 3330 578 3412 iiiud,
600 3330 760 3417 Tullium,
793 3331 967 3418 quomagis
989 3331 1122 3396 euincat
1150 3331 1238 3396 bona
1261 3327 1407 3412 Quinctii
1426 3348 1469 3395 ex

405 3451 528 3518 Edicto
562 3450 728 3538 possideri
754 3471 822 3517 non
845 3453 1014 3539 potuisse,
1039 3452 1208 3541 singulas,
1243 3452 1362 3538 quibus
1383 3470 1469 3517 enu-

406 3578 574 3640 merantur
589 3575 622 3658 ii,
645 3592 781 3660 qnorum
805 3573 893 3638 bona
914 3574 961 3638 ita
984 3571 1149 3659 possideri
1168 3574 1280 3659 liceat,
1302 3571 1470 3638 clausulas

405 3698 455 3761 sic
477 3714 519 3760 ex
542 3695 658 3760 ordine
680 3696 840 3776 recitare,
863 3696 901 3760 ut
923 3714 966 3791 ne
989 3696 1208 3761 alienissimus
1223 3692 1352 3779 quidem
1369 3695 1470 3758 omit-

406 3811 520 3901 tat²⁷),
543 3815 684 3901 denique
711 3815 791 3880 nihii
822 3817 954 3882 omnino
983 3835 1020 3881 se
1042 3818 1195 3881 omittere
1217 3815 1326 3900 palam
1349 3819 1469 3881 osten-

407 4116 511 4193 atuatie
533 4140 602 4191 bono
624 4140 694 4191 iubet
713 4141 853 4204 possim.
875 4167 905 4179 -
964 4142 1091 4192 «affletur
1111 4145 1265 4204 potestatem
1290 4143 1334 4192 sui
1354 4154 1408 4192 aea
1426 4138 1468 4206 to·

407 4227 459 4294 ap.
477 4230 504 4284 2.
536 4230 606 4293 Quid
631 4231 655 4279 a·
678 4243 733 4279 aaa
757 4230 843 4281 totitet
863 4231 908 4280 aad
965 4232 1091 4283 omrai»
1128 4306 1132 4313 .

406 4320 518 4371 «abacus
540 4332 594 4369 aou
616 4318 793 4382 desudatur?
822 4333 908 4369 nouae
997 4314 1043 4381 27)
1062 4318 1130 4368 Vide
1147 4331 1229 4382 supra
1247 4331 1275 4381 p.
1295 4316 1339 4368 bi.
