3310 5280
405 528 470 594 Μ
586 528 680 633 Gap.
707 531 766 608 ΙΙ.
818 530 880 608 De
904 538 1096 611 comete
1119 538 1291 613 occiano

237 725 323 824 &ior
337 738 385 765 m·-
510 720 583 787 iulii
617 719 688 786 109.
717 726 868 789 extrema
894 725 999 791 uerba
1026 730 1106 791 suut
1133 747 1158 793 c
1184 733 1470 818 9110111311)ρο-

510 848 626 910 trucci
651 847 811 911 inuenire
842 837 902 928 (in
929 862 959 912 c.
987 838 1078 933 iii),
1111 848 1227 914 folium
1258 846 1369 916 autem
1400 851 1471 917 110.

510 962 629 1051 incipit
663 984 685 1031 a
710 967 825 1032 uerbis
843 965 992 1052 ferimus
1013 987 1056 1034 eu
1079 987 1168 1056 meae
1194 976 1278 1038 sueti
1301 969 1470 1064 famido,

511 1105 597 1172 quac
618 1091 698 1152 eunt
719 1088 841 1171 capitia
865 1086 892 1152 i.
911 1108 976 1177 pro
1003 1087 1146 1157 F'iucco.
1168 1121 1210 1134 -
1240 1093 1281 1158 In
1303 1089 1469 1186 Catalogo

511 1207 533 1273 l.
554 1208 576 1274 l.
597 1226 629 1293 p.
649 1207 723 1272 aaa.
743 1209 786 1275 Ν.
808 1203 958 1289 778212).

453 1347 488 1395 u.
510 1328 626 1397 Codex
661 1330 861 1399 chartaceus
895 1326 1032 1399 Saecuii
1068 1330 1146 1399 XV·
1158 1379 1170 1424 ‚
1211 1334 1288 1399 olim
1325 1330 1472 1403 Claudii

509 1447 683 1542 Puteaai,
720 1453 816 1518 cuiue
842 1471 963 1518 nomen
984 1452 1128 1520 habetur
1148 1456 1183 1519 iu
1205 1455 1311 1541 prima
1332 1458 1469 1547 pagiua.

510 1568 667 1639 Continet
697 1568 877 1641 Ciceronis
906 1571 992 1640 XV.
1023 1579 1217 1667 orationes,
1246 1595 1382 1662 quarum
1416 1582 1471 1645 eet

510 1693 692 1779 penultima
711 1713 776 1782 pro
799 1691 971 1778 Qutaoctio.
1013 1696 1060 1762 Et
1081 1698 1270 1782 scripturae
1290 1718 1417 1788 genere
1435 1702 1470 1767 et

510 1817 711 1883 lectionibus
743 1819 797 1882 est
828 1816 958 1883 intimae
985 1821 1097 1885 uotae.
1153 1820 1194 1886 In
1216 1819 1385 1908 Catulogo
1406 1822 1471 1887 ii

510 1955 544 2023 p.
564 1935 637 2002 401.
656 1937 698 2004 Ν.
719 1936 812 2002 7824.

467 2060 643 2126 Hactenus
673 2057 905 2127 Pariaicaaea.
954 2058 1140 2126 Praeterea
1161 2059 1332 2130 Baitema
1353 2068 1470 2131 noster

405 2183 603 2248 uariantium
633 2182 811 2250 lectionum
848 2179 1012 2248 delectum
1043 2201 1064 2248 e
1098 2180 1225 2250 Codice
1250 2181 1422 2251 Benecetai
1430 2178 1469 2264 ¹³)

404 2304 551 2390 benigue
575 2320 702 2369 mecum
726 2303 999 2385 communicant,
1028 2302 1182 2370 abacta·
1210 2302 1367 2392 Haterio,
1395 2308 1468 2371 uiro

405 2423 615 2511 doctissimo,
642 2424 734 2511 ciue,
762 2425 911 2511 aequali,
940 2425 1120 2509 quinetiam
1140 2424 1248 2491 sodali
1269 2444 1361 2517 meo,
1384 2427 1468 2494 eheu

405 2565 502 2633 quam
523 2546 646 2613 dudum
667 2546 731 2613 iam
753 2545 934 2634 defuneto,
961 2550 1157 2633 excerptum
1178 2549 1215 2613 ct
1235 2548 1397 2615 relictum.

466 2702 556 2775 Sunt
584 2706 689 2797 igitur
714 2704 749 2771 hi
777 2704 1040 2796 queutuordecim
1078 2699 1240 2791 codices,
1272 2725 1317 2771 cx
1349 2707 1469 2792 quibua

403 2846 493 2895 nuuc
526 2827 606 2893 mihi
634 2828 841 2913 propositum
876 2830 929 2893 est
956 2824 1122 2893 delectum
1151 2825 1324 2913 quemdam
1353 2810 1469 2897 uaria-

403 2968 476 3015 rum
510 2950 691 3016 lectionum
722 2948 757 3014 iu
789 2946 928 3014 medium
961 2948 1126 3033 proferre.
1180 2949 1222 3014 lu
1255 2947 1320 3018 hoc
1355 2953 1467 3015 autem

404 3088 540 3138 mouere
578 3068 811 3155 suscipiendo,
847 3089 945 3156 quum
981 3071 1109 3156 pariter
1141 3070 1215 3137 fere
1242 3070 1392 3155 timeam,
1425 3087 1468 3135 ne

405 3193 536 3257 nimium
557 3193 662 3258 multa
682 3195 784 3277 atque
805 3210 849 3258 ue
870 3193 1028 3277 pauciora
1050 3191 1167 3258 uidear
1188 3191 1390 3276 tradidisse,
1409 3195 1468 3257 tu·

406 3312 565 3379 tissimum
588 3311 674 3382 duco
696 3314 826 3381 consilii
846 3314 910 3380 mei
931 3315 1092 3380 rationem
1115 3314 1210 3380 breui
1231 3331 1413 3399 exponere.

469 3470 615 3539 Primum
637 3473 742 3559 igitur
762 3470 845 3538 iliud
867 3473 976 3557 tenui,
1008 3473 1063 3557 qui
1089 3490 1134 3539 ex
1155 3470 1336 3542 codicibus
1356 3472 1468 3538 multis

403 3595 510 3682 iisque
538 3593 735 3685 uulgaribus
759 3611 800 3661 ac
822 3611 938 3679 parum
960 3594 1104 3660 uetustis
1124 3593 1269 3659 uoluerit
1290 3594 1467 3679 scriptoris

403 3717 545 3784 alcuius
564 3717 724 3803 reliquias
744 3714 942 3797 emendare,
963 3717 993 3781 ei
1015 3718 1170 3802 ipsorum
1186 3711 1355 3783 Codicum
1373 3716 1467 3781 noti-

436 4020 482 4090 12)
501 4021 651 4074 Steinmetz.
675 4023 695 4072 l.
723 4023 743 4073 l.
773 4037 800 4087 p.
831 4022 904 4074 vill.
958 4036 1010 4084 pro
1031 4020 1156 4084 Quinctio
1174 4029 1215 4073 est
1235 4024 1264 4072 io
1290 4023 1343 4073 hoo
1366 4021 1468 4073 Codice

403 4108 477 4177 (Por.
496 4108 536 4178 8.)
963 4116 1043 4174 utque
1060 4112 1090 4161 in
1108 4112 1212 4161 maiore
1230 4117 1306 4175 parte
1332 4110 1470 4161 Parieieu·

437 4198 481 4269 1³)
507 4201 692 4254 Bibliothecae
738 4200 906 4264 reipublicae
962 4200 1043 4251 aium.
1088 4198 1129 4250 Ad
1156 4198 1309 4251 edocendae
1334 4199 1469 4251 iootiouoa

403 4292 583 4343 Manendum
600 4290 691 4342 Codex
707 4289 824 4340 214.-
856 4288 907 4338 Eo·
963 4295 1025 4340 noia
1044 4288 1068 4338 B
1085 4298 1149 4339 eum
1167 4289 1343 4352 distinguunt.

403 4379 466 4431 dem
495 4381 579 4446 stirpe
606 4384 745 4433 contextus
775 4377 906 4429 orationis
