3310 5280
233 530 271 607 s.
302 520 341 591 9.
385 514 568 615 Defensio
585 517 774 614 inpurior
790 514 962 615 locosque
979 512 1138 615 dipcstu.
1186 504 1245 575 till

182 710 285 774 sisset
306 708 341 770 in
364 723 470 791 caque
492 707 583 769 iussu
607 705 705 769 ctiam
728 708 1005 789 perseuerasset,
1027 722 1130 788 supra
1151 706 1248 768 retu·
1281 711 1406 753 emam..

182 821 334 907 limus²⁸⁸t

246 988 341 1053 Illam
372 1004 454 1051 uera
476 986 558 1050 luris
578 986 741 1050 rationem
768 982 866 1048 modo
888 985 1074 1067 expositam
1098 985 1152 1069 qul
1175 1003 1249 1050 cum

183 1129 219 1174 re
241 1112 341 1197 gesta
363 1098 656 1192 composuerit⁴⁹),
695 1104 969 1191 haudquaquam,
1001 1106 1148 1194 opinor,
1185 1106 1248 1171 sibi

183 1229 417 1316 persuadebit,
439 1248 555 1314 parum
577 1226 771 1313 possedisse
792 1226 968 1310 Naeuium,
993 1228 1047 1313 qui
1064 1228 1113 1290 ita
1126 1244 1249 1311 passe-

183 1353 286 1432 dcrit,
308 1355 345 1416 ut
360 1350 538 1433 Quinctius
554 1349 654 1415 illum
675 1353 714 1414 ta
735 1353 810 1414 suis
830 1353 991 1434 paternis
1013 1348 1111 1414 doleis
1133 1349 1248 1413 domt-

181 1479 264 1540 nart
292 1475 445 1551 uideret,
478 1477 553 1558 ipse
578 1469 677 1556 filiae
705 1470 816 1535 sindili
838 1470 954 1535 dotem
980 1468 1149 1554 aptificare
1178 1488 1249 1536 raca

182 1600 318 1683 posset:
341 1620 377 1632 “-
414 1613 499 1679 quae
529 1594 608 1657 sunt
638 1591 745 1676 ipsius
771 1589 870 1655 'lullii
899 1590 1025 1674 uerba,
1063 1592 1097 1654 ln
1127 1588 1249 1676 depla-

182 1716 289 1781 randa
313 1713 460 1797 Quinctii
482 1715 615 1779 miseria
637 1703 881 1797 perorantis⁵⁰).

245 1875 301 1940 Ex
323 1895 389 1960 quc
412 1875 628 1963 intelligitur,
650 1868 836 1936 tertianae
859 1872 956 1954 parte
977 1867 1125 1951 Quinctii
1147 1888 1249 1936 ceus-

183 2018 253 2063 sam
276 1995 376 2062 iudici
398 1996 534 2081 probari
555 1996 614 2059 ulx
636 1996 797 2077 potuisse.

246 2156 301 2222 Ac
322 2157 407 2221 satis
428 2154 557 2240 quidem
580 2153 623 2219 de
644 2170 843 2238 unaquaque
866 2149 1073 2216 defensionis
1094 2155 1192 2236 parte
1214 2154 1249 2216 et

184 2278 228 2345 de
257 2279 400 2366 singulis
431 2278 655 2365 argumentis,
692 2293 756 2362 quc
780 2275 890 2359 pretia
913 2274 1056 2358 fuerint,
1073 2356 1077 2359 ,
1093 2273 1249 2359 disputa-

184 2405 251 2466 tum
274 2403 336 2466 est.

245 2558 459 2644 Relinquitur
495 2575 538 2620 ex
574 2556 650 2645 llis,
688 2573 773 2640 quac
812 2573 916 2640 supra
955 2555 1125 2639 pollicitus
1160 2572 1249 2635 sum,
1267 2557 1418 2654 „⁰2:⁰33

217 2873 265 2933 la)
283 2869 312 2935 §-
333 2874 359 2922 t.
379 2886 405 2935 p.
425 2869 469 2921 23.
490 2884 547 2933 seq.
567 2866 596 2932 §-
613 2870 640 2919 7.
661 2884 687 2933 p.

185 2962 248 3011 123.
268 2975 343 3025 seqq.
363 2958 391 3022 ὅ.
412 2960 438 3009 8.
459 2974 482 3022 p.
502 2958 562 3008 158.
583 2971 640 3021 seq.

218 3050 265 3107 ta)
284 3050 362 3112 Quod
394 3050 465 3098 iuter
491 3052 598 3097 caetera
626 3046 690 3095 Tul·

185 3138 238 3187 lius
267 3138 375 3199 iniecit,
404 3149 438 3185 aa>
455 3136 502 3184 lucc
519 3137 578 3196 ipso
596 3135 687 3189 saltu,

183 3240 262 3291 quern
276 3239 327 3290 per
344 3227 401 3274 uim
418 3222 529 3287 sepulte
546 3225 618 3273 secto
627 3236 690 3285 pas-

183 3317 270 3368 sads't,
298 3326 390 3364 seruos
413 3314 540 3375 priuatos
571 3311 690 3373 Quinctii

183 3415 240 3452 non
265 3416 352 3453 amnes
379 3398 473 3451 mactes
496 3414 565 3455 esse,
594 3402 690 3451 uiden·

183 3493 265 3552 dum,
286 3504 338 3551 ue,
358 3503 429 3554 quae
453 3491 580 3552 utrinque
599 3489 690 3552 dispu-

184 3581 235 3631 tari
255 3581 411 3643 potuerint,
437 3591 532 3628 eorum
560 3577 690 3641 quodam·

184 3669 265 3719 modo
286 3669 400 3719 materia
423 3666 581 3717 inueniatur
604 3667 633 3715 in
656 3666 688 3715 l..

184 3758 210 3806 1.
230 3754 279 3819 §§.
299 3758 344 3807 15.
364 3756 409 3806 ta.
456 3755 495 3805 De
520 3756 557 3803 ui.
585 3751 690 3817 (Ulpia-

184 3842 258 3907 nus.)
290 3846 370 3897 «Non
388 3844 436 3894 alii
452 3848 544 3893 autem
556 3856 638 3905 quam
651 3843 688 3903 ei,

185 3934 319 3996 «quinon
332 3934 451 3995 possidet
464 3930 521 3994 (Sic
534 3944 611 3981 meus
624 3945 690 3994 qua-

185 4034 239 4085 que
271 4019 379 4079 Coder;
417 4035 470 4084 qus
507 4020 541 4069 de
571 4020 689 4070 lectione

185 4109 267 4160 adeas
293 4106 453 4169 seminium,
484 4109 512 4159 d.
533 4109 564 4158 a.
584 4108 611 4158 d.
624 4109 686 4159 Bes.

186 4196 215 4261 §-
246 4197 290 4246 11.
323 4210 348 4259 p.
378 4195 451 4252 189.)
487 4197 688 4247 «interdictum

186 4286 283 4335 «Unde
306 4285 337 4333 ut
354 4288 525 4347 competere,
543 4298 687 4348 argumen-

188 4381 267 4426 ntum
284 4373 396 4437 praeiet
416 4371 489 4435 quod
508 4374 580 4435 apud
598 4374 688 4425 Viuis·

746 2883 834 2920 saum
853 2870 968 2921 relatum
987 2876 1043 2933 est,
1070 2871 1093 2920 si
1119 2871 1180 2933 quis
1206 2883 1250 2921 me

746 2960 797 3010 «ui
806 2960 944 3019 deiecerit,
961 2972 1037 3009 meos
1047 2973 1102 3009 non
1111 2960 1249 3019 deiecerit,

747 3062 826 3099 suaa
844 3062 924 3113 posse
937 3062 980 3098 me
993 3050 1045 3098 troc
1057 3048 1251 3098 interdictoer-

746 3139 867 3201 aperiri,
882 3139 946 3200 quia
961 3149 1065 3200 pereas
1076 3138 1181 3187 retineo
1191 3150 1251 3200 pos-

746 3228 935 3284 ssessicnem,
950 3227 996 3289 qui
1006 3226 1103 3276 deiecti
1112 3239 1167 3276 non
1177 3230 1248 3276 sunt.

745 3313 824 3378 §.dti-
836 3316 1071 3366 «tdemviuianm
1079 3315 1179 3365 reseris
1190 3314 1251 3365 Ser·

746 3418 760 3449 t
770 3419 816 3455 vos
824 3406 956 3469 quosdam
967 3406 995 3454 ui
1003 3404 1121 3467 depulit,
1131 3403 1201 3453 alies
1208 3416 1250 3454 re·

746 3493 850 3542 «tinuit
858 3494 994 3551 eminuit,
1010 3497 1059 3541 cat
1071 3476 1151 3541 etiarn
1160 3492 1250 3541 sisim-

745 3582 888 3642 sperauit:
899 3581 927 3630 ui
937 3586 963 3630 te
972 3581 1107 3630 deiectum
1116 3579 1248 3641 iutelligi3

747 3670 872 3719 «desisse
891 3668 965 3719 euim
984 3668 1137 3731 possidere,
1164 3680 1249 3731 quum

746 3758 842 3807 «serui
862 3758 896 3806 ab
911 3757 966 3807 sliu
984 3757 1183 3820 possideantur.
1217 3755 1250 3806 Et

746 3846 841 3910 nquad
858 3847 886 3895 iu
904 3851 980 3909 parte
992 3859 1134 3895 seruorum
1147 3844 1249 3894 dictum

748 3940 823 3994 aest,
844 3934 916 3983 idem
935 3934 963 3983 in
981 3934 1109 3983 omuibus
1126 3933 1247 3995 dictati:

746 4023 791 4072 ssi
817 4021 886 4072 torte
912 4035 993 4091 nemo
1012 4022 1141 4086 depulsus
1159 4032 1247 4085 esset,

746 4125 760 4156 u
768 4111 815 4160 sed
834 4110 968 4173 possideri
986 4110 1020 4161 ab
1039 4125 1072 4162 ec
1085 4114 1247 4175 coepissent,

746 4199 815 4264 aqui
835 4199 974 4261 ingressus
999 4199 1027 4250 in
1048 4203 1249 4265 possessionem

745 4293 867 4338 «esset»

778 4372 824 4439 tc)
844 4389 868 4426 c.
889 4375 932 4426 31.
