3352 5276
437 490 498 555 132
544 487 639 592 Gap.
665 491 700 566 1.
752 487 815 565 De
841 492 927 566 iare
951 514 1111 567 eaaeeae
1137 488 1401 580 Quinctianae.

361 687 413 785 '¹¹22
498 685 589 748 «aa
618 681 747 748 saitem
773 685 906 748 tritavia
936 681 976 748 ta
1001 679 1122 767 faeere
1152 679 1283 768 Alfereo
1310 684 1494 774 aldebare,

498 802 577 870 «hie
598 803 787 869 recusabat.
840 802 918 869 Vox
948 806 1057 868 autem
1090 808 1143 870 tta
1174 823 1284 870 nonne
1308 807 1495 890 repetitae

498 924 650 991 «Naeuio
667 944 711 991 ex
726 924 825 990 'lulla
839 943 1004 1009 responso
1027 928 1141 1011 potest
1157 917 1368 991 existimari?
1389 922 1494 1008 Quasi

497 1045 646 1113 «dixerit
672 1046 836 1113 Naeuius:
871 1051 925 1113 tta
952 1045 1099 1112 uidebar
1125 1065 1248 1113 aeram
1275 1052 1339 1114 ete.
1392 1047 1494 1114 Adde

498 1167 609 1254 «quod
620 1167 790 1235 uidebare
802 1170 896 1235 recte
912 1169 1070 1235 conuenit
1084 1185 1156 1234 cum
1172 1167 1396 1256 poetalabae,·
1419 1189 1494 1234 nem

497 1290 564 1356 «de
593 1290 709 1356 eodem
737 1289 869 1355 bomine
896 1287 1032 1355 dicitur:
1068 1292 1104 1354 at
1120 1271 1288 1356 'latebam
1310 1310 1379 1355 non
1399 1292 1494 1358 reete

498 1430 595 1479 «eum
617 1410 826 1502 satisdaret,
849 1411 938 1497 quod
959 1413 1037 1478 item
1061 1411 1102 1478 de
1124 1410 1266 1477 eodem·
1290 1413 1350 1478 rel.

492 1561 590 1627 Hanc
622 1561 823 1626 sententiam
854 1559 1006 1628 Rectius
1038 1563 1104 1627 tam
1137 1562 1172 1625 in
1202 1563 1299 1627 textu
1332 1579 1428 1647 qaam
1459 1562 1494 1625 in

429 1682 647 1749 adunatione
669 1682 712 1748 ab
733 1683 828 1748 lnltlo
851 1681 982 1769 quidem
1004 1686 1141 1750 secutus
1162 1685 1231 1768 est,
1262 1702 1339 1749 mox
1366 1685 1494 1770 eutem,

429 1822 451 1870 e
471 1799 621 1871 censore
634 1802 861 1889 reprehensos
872 1796 925 1887 46),
946 1805 1066 1889 partlm
1083 1806 1160 1891 qula
1174 1805 1389 1871 membrorum
1405 1820 1493 1870 con-

269 1956 347 1998 aaa
395 1922 400 2031 1
430 1927 574 1993 cinnltes
595 1926 727 1992 iuberet
747 1924 832 1992 baec
852 1922 986 1993 Naeatl
1004 1944 1076 1992 oeoa
1092 1922 1272 1993 Cicerotetr
1287 1944 1362 1992 esse
1378 1927 1494 2011 uerba,

217 2038 320 2146 opplet

429 2049 550 2134 partim
582 2047 659 2134 quia
690 2046 748 2112 nix
780 2045 939 2114 credibile
970 2050 1079 2132 esset,
1114 2042 1310 2113 Ciceronem
1338 2049 1494 2137 mitigare

430 2187 533 2238 noces
554 2167 707 2235 donares
727 2171 762 2233 in
782 2168 1010 2234 aduersariam
1036 2169 1199 2254 uoluisse,
1235 2170 1288 2236 cul
1317 2187 1494 2255 numquam

430 2291 657 2377 pepercisset:
692 2288 736 2356 de
766 2292 937 2357 sententia
967 2287 1089 2375 depelli
1122 2308 1160 2355 se
1193 2308 1315 2375 passus
1346 2293 1416 2382 est,
1450 2307 1493 2357 ae

430 2412 548 2498 paneis
578 2412 656 2478 tells
688 2430 756 2476 non
787 2415 853 2477 tem
882 2410 1089 2479 detensionis
1121 2429 1243 2479 caussa
1274 2430 1371 2498 quam
1403 2414 1494 2477 inter

429 2532 543 2624 fugem
573 2534 701 2600 emlsols
711 2526 765 2620 ⁴⁶),
800 2533 834 2597 ln
866 2532 1134 2599 aduersariorum
1162 2536 1276 2600 cestra
1304 2536 1493 2617 concessit,

428 2655 671 2743 lectionemque
696 2655 861 2721 tabebare
891 2656 955 2722 sibi
987 2673 1117 2741 auoque
1150 2656 1213 2720 lem
1244 2656 1379 2741 plaeere
1406 2674 1493 2742 pro-

428 2778 542 2845 fessus
565 2770 677 2854 est⁴⁷).

491 2923 563 2994 Sed
585 2944 706 2993 uereor
739 2925 910 3013 equidem,
943 2944 986 2993 ne
1018 2927 1205 3011 speciosior
1236 2927 1294 2993 illa
1329 2927 1492 2993 refutatio

429 3067 526 3135 quam
548 3046 688 3113 solidior
709 3049 754 3113 sit
775 3046 962 3115 iudicanda

462 3277 509 3344 db)
529 3280 561 3330 ln
573 3279 741 3330 Bibliotheca
751 3278 843 3330 Germ.
853 3280 929 3331 unio.

429 3382 516 3429 noue,
543 3368 633 3420 Kiliee
660 3367 738 3420 llio.
764 3368 824 3420 Vol.
847 3367 929 3419 XXV.

428 3472 455 3522 p.
476 3457 536 3509 213.
555 3471 614 3521 seq.

461 3545 509 3612 ta)
528 3546 672 3611 «Opponi,
699 3545 802 3609 inquil,
828 3550 929 3609 poterit

428 3637 474 3686 nsi
493 3637 577 3687 uerbo
595 3638 635 3685 ita
648 3634 789 3688 cidelare,
809 3632 930 3684 referen-

429 3730 493 3775 einr
507 3726 541 3775 ed
560 3724 661 3775 iudicia
672 3723 813 3784 omnium,
832 3724 931 3788 qnibns

428 3813 518 3864 abeee
535 3825 630 3864 enasse
648 3818 707 3864 eret
725 3814 833 3875 cognite
848 3808 931 3875 (aide

428 3901 513 3952 «bare
522 3901 643 3951 amnibus
652 3900 760 3950 iniuria
768 3898 930 3964 postulare),

427 4003 486 4040 one
513 3989 602 4040 inesse
627 3988 737 4054 quidem
758 3990 806 4039 bie
824 3988 931 4052 mitige-

428 4079 551 4129 ationem
570 4077 701 4129 orationis
719 4078 819 4138 durae,
842 4082 869 4128 et
886 4076 929 4128 el·

426 4180 578 4218 oceranem
595 4167 762 4230 distinguere
785 4180 864 4217 suum
888 4167 928 4216 lu·

427 4256 568 4316 odicium,
598 4255 714 4306 eliorum
745 4256 926 4320 opinionem,

426 4353 474 4397 aet
501 4346 590 4397 Alieni
616 4345 722 4409 petroni
746 4343 876 4396 iactum.»
898 4369 925 4380 —

987 3278 1047 3343 Qui
1076 3280 1301 3343 tergiuersetlone
1330 3280 1400 3332 nulli
1429 3281 1491 3343 rel,

986 3369 1102 3433 opinor,
1122 3370 1228 3420 medela
1247 3373 1335 3433 potest
1352 3368 1453 3420 efferri.

1020 3455 1067 3523 d'l)
1088 3458 1143 3509 «At
1160 3459 1226 3509 mibi
1240 3471 1348 3523 quoque
1364 3457 1416 3522 (sio
1431 3471 1493 3522 per-

986 3546 1025 3610 git
1037 3543 1139 3610 dicero)
1154 3560 1250 3597 «nnnc
1268 3548 1435 3611 probabilior
1450 3552 1494 3598 est

987 3635 1089 3685 «lectio
1101 3635 1243 3690 iubebare,
1264 3650 1328 3687 eum
1346 3643 1492 3701 propterea

986 3725 1080 3789 «qnod
1103 3725 1189 3776 uerba
1212 3724 1354 3776 recusabat
1379 3723 1492 3788 Alienon

988 3813 1109 3864 erectius
1128 3813 1283 3865 referuntur
1300 3814 1336 3864 ed
1354 3812 1397 3875 id,
1417 3813 1492 3876 qnod

986 3900 1119 3952 «Praetor
1143 3903 1235 3963 torsit,
1266 3909 1324 3953 inm
1342 3902 1407 3967 quie
1425 3914 1492 3951 eon-

986 4001 1002 4034 e
1010 3989 1127 4040 elnniiee
1140 3991 1324 4041 membrorum
1335 3990 1421 4053 magis
1434 4002 1492 4040 sen

985 4083 1103 4140 «uetur,
1122 4085 1149 4131 et
1159 4079 1248 4129 iuberi
1259 4086 1340 4144 utque
1352 4064 1494 4130 beonnae

986 4173 1119 4230 «possunt
1136 4168 1294 4232 distingui.»
1322 4194 1352 4206 -
1377 4167 1436 4230 Qun
1457 4168 1493 4218 de

985 4255 1159 4308 distinetione
1184 4257 1277 4320 paullo
1300 4263 1361 4322 post
1384 4256 1493 4308 nidebl·

985 4356 1047 4396 mus
1066 4341 1135 4409 (not.
1153 4342 1212 4410 te.)
