3310 5280
238 531 276 608 s.
306 522 345 594 9.
390 515 570 616 Defensio
587 519 778 616 importes
795 517 967 615 iocosque
984 511 1143 614 dipesta.
1191 514 1251 576 189

188 712 222 775 et
244 708 466 794 postulauerit
493 725 515 771 a
543 705 706 771 Praetore
736 709 770 770 et
802 706 1048 789 impetrauerit,
1075 707 1186 768 tumen
1208 721 1252 768 ex
1285 710 1411 749 rmum..

187 830 279 895 facto
301 849 369 894 non
391 832 439 893 ita
461 827 653 912 possedisse
677 827 782 911 bona,
805 831 842 892 ut
864 825 907 891 de
928 828 1115 909 sponsione>
1132 828 1252 890 contro

187 949 377 1033 Quinotium
398 950 536 1016 iudicari
558 951 610 1013 ius
632 951 735 1014 esset.

250 1110 429 1174 Enimuero
452 1111 496 1174 sit
518 1108 666 1174 narratio
688 1106 787 1172 Tullii
809 1126 891 1172 uera
907 1097 1005 1193 (quis
1026 1109 1111 1171 enim
1134 1126 1250 1193 quem-

188 1231 361 1296 admodum
390 1249 446 1295 res
477 1235 579 1319 gesta
612 1231 657 1295 sit
689 1227 899 1294 diuinaturus
932 1220 1053 1309 esti]
1094 1227 1136 1294 de
1171 1231 1251 1294 iuris

187 1356 342 1440 ratione,
362 1372 427 1439 quo
449 1351 666 1416 fundamento
690 1352 797 1415 oratio
816 1352 935 1434 utitur,
958 1368 1163 1439 magnopere
1185 1348 1250 1413 du-

187 1476 268 1541 bito.
310 1476 385 1539 Non
409 1494 449 1539 co
472 1473 546 1538 dico
563 1492 627 1558 quo
650 1473 692 1539 ab
715 1474 829 1554 inepto
852 1473 951 1555 plane
971 1474 1134 1556 principio
1159 1473 1251 1537 oria-

188 1600 258 1681 tur,
280 1595 340 1661 scd
363 1597 410 1660 ita
432 1594 582 1680 equidem
606 1595 737 1677 sentio,
759 1592 792 1657 id
816 1592 904 1678 quod
925 1596 1046 1657 natura
1060 1612 1122 1657 sua
1137 1613 1251 1658 uerum

189 1723 262 1800 est,
291 1719 414 1805 exiguo
438 1718 612 1781 uerborum
640 1719 803 1779 momento
828 1717 861 1778 in
883 1732 1020 1797 prauum
1042 1713 1251 1800 detorqueri,

189 1837 309 1903 deinde
331 1836 563 1903 ratiocinando
578 1837 621 1901 ad
637 1841 786 1902 extrema
802 1835 950 1921 perduci,
972 1854 1113 1903 caussae
1130 1854 1251 1901 ncces-

188 1963 281 2025 sitati
304 1979 399 2045 quam
420 1961 469 2024 rei
492 1960 625 2024 ueritati
647 1960 788 2044 aptiora.

252 2119 384 2183 Etenim
407 2117 497 2203 quod
526 2119 679 2203 principii
708 2117 784 2183 ioco
807 2116 878 2183 fere
901 2120 1054 2203 ponitur,
1092 2119 1250 2184 bonorum

190 2243 435 2326 possessionem
459 2259 526 2303 non
548 2242 582 2303 in
604 2241 714 2319 aliqua
733 2243 830 2324 purte
849 2239 909 2304 sed
925 2242 958 2304 in
974 2242 1140 2304 uniuersis
1155 2242 1251 2305 bonis

189 2365 357 2447 spectari,
390 2380 501 2426 nonne
535 2365 739 2425 uerissimum
771 2355 850 2426 est?
892 2362 979 2425 Mihi
1002 2362 1130 2446 quidem
1153 2362 1251 2427 uide-

190 2489 258 2549 tur:
281 2487 316 2548 at
338 2485 441 2572 longe
463 2484 562 2547 aliter
582 2490 684 2567 atque
708 2486 822 2546 orator
843 2487 960 2547 noster
981 2485 1195 2567 interpretor.

253 2640 385 2725 Quippe
414 2642 511 2706 aliam
536 2641 682 2704 arbitror
701 2644 945 2706 cecinersorum
966 2641 1133 2706 donorum
1154 2643 1250 2707 aliam

189 2763 406 2847 scopulorum
427 2780 544 2827 rerum
567 2762 810 2845 possessionem
833 2754 925 2844 esse,
949 2779 1058 2847 neque
1080 2765 1174 2828 reete
1189 2781 1251 2849 per

190 2886 298 2948 omnia
329 2885 465 2968 aequari
495 2886 552 2972 poi
587 2883 676 2947 dorca
708 2883 903 2967 possederit
933 2886 968 2948 et
1004 2888 1062 2974 qui
1094 2885 1251 2971 stropulos

190 3024 307 3070 omnies
339 3024 411 3088 res,
441 3023 528 3094 qttue
556 3023 675 3070 eorum
697 3004 863 3071 bononem
885 3012 1028 3092 esseut,
1043 3009 1250 3094 possederit.

190 3122 252 3192 Cui
273 3130 532 3191 consentaneum
554 3144 631 3191 esse
653 3130 751 3211 puto,
784 3128 818 3190 in
845 3127 1006 3193 bonorum
1035 3130 1250 3213 possessione

190 3268 258 3311 non
280 3248 432 3336 singulas
453 3266 523 3328 res,
561 3248 798 3332 possideantur
822 3267 949 3335 necne,
985 3248 1045 3314 sed
1068 3255 1168 3339 moesi
1187 3269 1252 3335 per

189 3372 459 3434 contuersttotem
481 3371 567 3434 bona
585 3371 897 3454 possessionemque
912 3372 1060 3455 spectari
1082 3360 1252 3456 oportere,

191 3508 231 3555 ac
253 3493 433 3574 propterca
462 3494 547 3554 satis
573 3490 615 3555 ad
644 3492 835 3575 sponsionis
857 3510 1009 3557 caussam
1029 3491 1135 3556 uideri
1156 3491 1251 3558 Nac-

190 3615 277 3675 uium
301 3611 512 3695 possedisse,
535 3613 564 3675 si
585 3611 682 3676 modo
704 3614 751 3677 ita
774 3609 920 3693 Quinctii
942 3614 1029 3677 bona
1051 3612 1252 3700 possederit,

190 3737 231 3796 ut
249 3734 479 3799 uniuersorum
501 3735 660 3798 bonorum
692 3733 852 3803 modicam
881 3733 1044 3819 quandam
1067 3735 1251 3802 custodiam

193 3872 351 3920 exercere
373 3859 489 3940 posset
500 3848 548 3934 ⁴⁶).
845 3938 850 3941 ,

255 3975 337 4040 Eam
358 3996 440 4042 uero
462 3996 530 4042 rem
553 3979 586 4041 in
607 3978 678 4043 iure
700 3977 894 4065 iudiciisque
908 3978 1131 4044 Romanorum
1154 3979 1253 4043 latis-

193 4098 274 4162 sime
301 4099 450 4181 patuisse
477 4101 639 4188 arbitror,
676 4104 710 4165 et
739 4103 840 4190 iunge
862 4102 1005 4186 afuisse,
1041 4104 1079 4165 ut
1108 4101 1252 4186 quinon

228 4354 274 4419 te)
295 4356 361 4406 Vide
380 4369 461 4420 supra
482 4355 510 4419 §-
533 4359 558 4407 3.
579 4374 604 4421 p.
625 4360 668 4411 71.
