3352 5276
206 524 243 600 §-
262 513 302 584 8.
331 508 390 583 A&
414 508 479 595 Ψ.
494 508 682 582 absentem
699 513 801 580 reete
819 504 1028 603 defenderit
1044 528 1170 579 aecae.
1211 506 1270 567 157

271 697 400 781 eribus
419 699 606 783 perspectis
621 697 734 762 breuis
747 695 810 760 erit
825 696 1039 761 coniecturae
1054 712 1147 760 meae
1162 713 1271 778 expo-

208 824 300 903 sltio,
325 839 391 906 qua
414 790 545 884 ratione
567 817 713 882 Alienus
736 818 888 881 tribunos
910 817 1018 902 plebis
1040 817 1273 901 appellauerit,
1291 819 1370 869 puta

209 962 273 1028 quo
305 945 415 1006 autem
450 942 521 1004 iure
553 958 660 1037 queue
690 940 807 1004 saltem
835 940 907 1003 ueri
929 940 1043 1022 specle
1068 940 1272 1002 Hortensius

211 1065 402 1150 negauerit,
426 1062 582 1129 Alienum
605 1061 726 1127 iudicio
749 1058 950 1143 Quinctium,
971 1062 1020 1124 uli
1043 1063 1187 1145 oportet,
1209 1058 1273 1124 de·

167 1196 169 1201 ’
210 1185 378 1271 tendisse,
401 1203 498 1268 quum
520 1185 677 1248 auxilium
700 1203 720 1247 a
743 1182 1073 1267 tribunispetiucrit.

1304 705 1388 744 'tribuni
1403 708 1429 744 als

1290 763 1368 801 Attene
1390 776 1430 813 sp-

274 1341 400 1410 Orator
421 1318 555 1428 noster,
584 1344 672 1406 sicut
695 1343 757 1405 iam
779 1361 882 1425 supra
905 1341 1027 1407 dictum
1050 1334 1165 1427 est²⁸l,
1191 1360 1274 1426 par·
1307 1350 1441 1391 *lininio

209 1469 265 1531 tim
288 1469 452 1550 insinuat,
474 1467 594 1548 partim
618 1466 715 1528 etiam
737 1463 901 1547 affirmat,
927 1463 1131 1526 tribunorum
1153 1463 1274 1546 appel-

209 1587 383 1653 landorum
400 1587 526 1651 Alieno
549 1604 711 1650 ceresam
732 1583 861 1668 quidem
878 1584 981 1648 fuisse
996 1583 1150 1648 Burrieni
1165 1583 1275 1650 Prae-

210 1713 295 1774 toris
317 1672 506 1794 decretum,
538 1726 603 1792 quo
634 1706 811 1772 iudicatum
843 1706 928 1770 solui
958 1705 1087 1770 Naeuio
1108 1706 1275 1770 satisdare

211 1834 321 1894 iussus
344 1832 452 1916 csset3
474 1828 712 1913 defensionem
734 1831 862 1912 autem,
884 1829 1028 1911 iniquum
1051 1845 1127 1891 esse
1149 1845 1276 1911 procu-

212 1956 358 2016 ratorem
387 1949 574 2032 satisdare,
607 1948 695 2035 quod
723 1954 804 2014 reus
829 1947 995 2014 satisdare
1026 1968 1093 2013 non
1121 1947 1277 2031 deberet,

212 2077 242 2138 si
264 2076 336 2157 ipse
358 2071 511 2157 adessct3
533 2088 635 2158 spem
651 2070 794 2156 denique
817 2074 850 2134 in
875 2089 914 2136 eo
938 2073 1080 2154 positam
1098 2070 1218 2154 tuisse,
1240 2075 1277 2134 ut

212 2194 300 2279 apud
324 2195 500 2283 collegium
524 2194 728 2258 tribunorum
747 2194 890 2257 iniuriae
916 2191 1111 2257 Praetorem
1134 2193 1277 2258 conuin-

213 2320 323 2402 ceret,
345 2335 503 2401 suamque
525 2317 613 2382 illam
635 2316 797 2379 rationem
820 2316 902 2379 iuris
922 2315 1094 2398 probaret,

1293 1415 1314 1449 st
1325 1408 1440 1448 consiliuma

276 2474 363 2541 Mihi
397 2493 478 2539 uero
505 2477 590 2540 satis
619 2492 813 2557 persuasum
847 2474 916 2553 est,
950 2474 1032 2537 istas
1059 2490 1116 2536 res
1146 2481 1299 2554 omncs,‘

217 2786 231 2817 ιι
240 2771 350 2832 tierent,
364 2777 392 2820 ut
402 2770 500 2833 Caesar
513 2782 641 2832 praesens
655 2783 719 2820 con·

217 2861 361 2910 astituerst
380 2855 463 2922 (conl.
483 2858 519 2909 ib.
540 2873 564 2908 e.
585 2856 639 2921 1.)‚
661 2856 719 2920 fore

217 2949 344 2998 «auxilio
358 2947 545 3011 pollicebatur.
571 2947 622 2997 Sed
638 2945 719 2997 flebat

218 3038 374 3100 «aequitate
393 3037 494 3086 decreti
513 3043 538 3086 el
551 3037 719 3086 humanitate

217 3126 383 3186 «Trebonii,
413 3126 460 3189 qui
487 3125 528 3174 his
552 3126 719 3187 temporibus

218 3214 389 3263 «elementer
407 3220 434 3263 et
451 3214 591 3275 moderate
615 3214 657 3263 ius
680 3214 719 3263 di·

218 3302 356 3351 «ceddum
381 3303 563 3359 existimabat,
593 3307 622 3352 ut
644 3315 720 3364 repe·

218 3392 287 3440 «riri
301 3406 356 3441 non
369 3396 479 3454 possent
489 3388 538 3452 (al.
546 3396 647 3453 posset,
657 3402 720 3451 pos·

220 3495 234 3526 ιι
241 3478 287 3543 sit)
303 3493 319 3529 a
334 3480 431 3543 quibus
446 3480 552 3528 initium
564 3478 720 3542 appellandi

221 3575 427 3619 renasceretur..
444 3597 473 3632 ·.·
494 3567 526 3617 Et
542 3568 576 3617 ab
591 3568 643 3617 hoc
661 3581 720 3631 pro·

220 3658 327 3707 clectus
341 3657 417 3706 initio
428 3653 560 3718 (Coelius)
571 3652 606 3704 'ae
618 3654 721 3716 frustra

220 3747 378 3808 «inpressos
405 3750 510 3806 turpem
534 3756 655 3794 caussam
681 3744 722 3793 ai-

221 3834 365 3894 oderetur‚
396 3832 487 3895 legem
517 3832 720 3897 promulganda

220 3922 271 3972 rel.
294 3919 372 3971 Cant.
398 3935 460 3971 cum
485 3923 513 3971 la.
534 3920 553 3971 l.
572 3921 624 3970 Dio
649 3918 720 3971 Coss.

220 4010 311 4070 XLlI,
330 4009 374 4057 22.

256 4098 397 4147 Postremo
415 4097 476 4147 loeo
493 4097 658 4153 admonendi
680 4092 724 4147 sir·

222 4198 305 4241 mas,
342 4185 415 4235 haud
444 4183 554 4235 fortuito
585 4200 636 4237 nec
663 4186 724 4237 sine

223 4286 319 4322 caussa
332 4274 593 4324 inconsuetudinem
603 4277 722 4333 uenisse,

224 4368 253 4412 ut
271 4362 387 4412 iniustae
404 4361 538 4425 quaedam
556 4363 724 4414 intercessio·

775 2783 824 2820 nes
852 2770 1012 2832 legibusque
1038 2769 1190 2819 codicariae
1214 2771 1277 2833 ipsis

775 2856 1280 2921 legibueinlerdicerentnr.Gontles

775 2946 879 2998 Galliae
897 2944 1046 3009 Gtsotptnm
1065 2948 1094 2996 in
1111 2959 1136 2995 e.
1151 2947 1196 2997 20.
1210 2952 1276 2997 extr.

763 3038 872 3088 'oNeue
897 3036 957 3099 quis
982 3035 1155 3098 Magistratus
1179 3035 1279 3086 Prone-

777 3127 973 3188 «magistratu,
988 3138 1059 3174 neue
1072 3125 1149 3187 quis,
1163 3139 1211 3189 pro
1224 3138 1279 3188 qno

776 3214 914 3277 «imperio
933 3218 1099 3277 potestateue
1112 3213 1178 3274 erit,
1198 3215 1279 3265 tuler-

777 3302 903 3362 aoedilo‚
924 3315 994 3351 ueue
1014 3303 1079 3364 qnid
1097 3302 1170 3351 alind
1186 3302 1278 3361 tacito,

777 3404 853 3453 aquo
877 3391 967 3440 minus
992 3389 1026 3441 de
1050 3403 1083 3440 aa
1105 3405 1134 3440 re
1155 3392 1191 3440 ita
1210 3391 1279 3441 indi-

777 3481 871 3529 scium
898 3478 977 3529 detur
1003 3479 1218 3543 indicantque.»
1247 3503 1276 3516 -

777 3567 845 3618 ltem
872 3566 928 3616 Lesa
953 3566 1278 3630 septeredo-21.
1375 3610 1378 3615 ,

777 3655 860 3718 (apud
872 3653 1010 3705 Kteazium
1021 3670 1049 3720 p.
1062 3653 1119 3718 82.)
1137 3680 1164 3690 -
1180 3654 1279 3706 Contra

777 3734 943 3808 permittitur
967 3744 1139 3807 intercessio,
1163 3757 1233 3809 qnae
1250 3743 1281 3797 lit

777 3833 844 3895 lepis
867 3832 982 3884 mendas
999 3846 1111 3895 caussa,
1139 3835 1224 3884 ueluti
1251 3835 1280 3884 in

777 3919 846 3984 Leqe
873 3921 970 3971 litorio
997 3935 1022 3971 c.
1047 3921 1089 3972 lt.
1118 3919 1203 3988 (apud
1227 3923 1282 3972 lio·

777 4008 904 4074 dorsplum
927 4010 956 4060 iu
980 4010 1133 4063 zeitschrift
1156 4011 1175 4062 t.
1200 4026 1226 4074 g.
1247 4012 1279 4062 li.

778 4098 823 4152 W.
843 4092 875 4149 T.
893 4098 929 4149 X.
943 4115 969 4163 p.
984 4100 1045 4150 tus.
1060 4101 1121 4152 163.
1136 4107 1162 4151 et
1180 4100 1281 4157 ibidem

780 4201 806 4251 p·
827 4187 890 4248 td„
915 4188 962 4238 nbi
981 4188 1074 4240 malim
1089 4190 1200 4239 ‘abesset
1216 4192 1281 4238 nota

779 4276 823 4327 lit.
844 4274 897 4326 Sed
916 4277 950 4327 de
968 4290 1000 4327 ea
1018 4273 1108 4339 alias.)

814 4365 863 4429 28)
881 4365 948 4418 lide
960 4380 987 4430 p.
1000 4365 1060 4417 tta.
1074 4364 1280 4429 etp.1t9.seq.
