3310 5280
272 735 311 762 010
318 734 356 762 001

254 791 328 821 dmm.

424 456 485 519 tus
534 451 628 554 Gap.
653 453 689 528 Ι.
739 451 802 529 De
826 456 912 528 iure
937 476 1099 529 consone
1127 451 1391 541 Quinctianae.

255 666 314 763 ti1³·
336 664 404 764 Ἦ
421 652 456 718 td
476 653 622 719 arbitror
636 654 776 738 propter
796 670 932 719 sensum
952 649 1043 737 ferai
1063 670 1134 718 nors
1154 670 1274 737 pocae,
1295 654 1374 739 quta
1396 651 1484 739 qnod

419 774 568 842 Nbeutus
603 773 725 840 dieitur
756 777 885 860 partem
915 774 1043 839 tanturn
1072 773 1233 841 bonorum
1268 792 1340 840 non
1367 779 1485 841 omuto

420 896 512 963 bono
533 895 742 984 possedisse,
769 915 837 962 non
859 898 953 981 quast
978 894 1062 982 firrts
1083 898 1154 981 cst,
1189 896 1245 981 qut
1266 893 1344 960 huie
1365 893 1485 980 dispu-

421 1019 541 1083 tuttont
562 1021 789 1107 proponatur,
819 1016 881 1083 sed
902 1021 1145 1102 urpsmuttom
1166 1017 1280 1104 modo,
1310 1035 1392 1103 quo,
1418 1036 1484 1082 ex·

420 1142 589 1209 trinsecus
610 1138 738 1205 demum
760 1140 930 1224 assumpta
958 1138 1040 1204 turis
1066 1136 1206 1224 quadum
1228 1140 1484 1224 spoostontsooe

421 1264 570 1350 ratione,
604 1260 686 1327 tltud
708 1261 918 1342 condebatur,
954 1279 1083 1325 omnmo
1111 1259 1202 1326 ὺοπα
1229 1279 1393 1348 possessu
1413 1279 1484 1326 nou

421 1402 517 1469 ease3
549 1412 591 1429 -·
626 1400 723 1469 quam
754 1385 859 1468 ipsum
888 1385 942 1448 ret
960 1400 1133 1448 mmmm
1152 1382 1219 1447 ints
1239 1382 1355 1448 uerbis
1375 1399 1486 1447 enun-

421 1506 522 1588 ctart,
543 1506 720 1590 sequentis
740 1504 1009 1569 manifestissime
1030 1496 1258 1583 duloreste).

485 1625 537 1692 De
564 1624 722 1692 Codicum
758 1627 961 1692 auctoritate
991 1626 1041 1691 ste
1081 1626 1257 1711 existimo,
1290 1643 1375 1711 quse
1402 1624 1485 1690 ferri

421 1749 580 1833 possunt,
615 1746 757 1813 ferendo
783 1765 859 1813 esse
886 1765 951 1815 nec
979 1747 1182 1814 coniecturis
1210 1748 1337 1813 temere
1362 1747 1486 1813 fauen-

421 1867 515 1934 dum:
546 1869 778 1954 caeteroquin,
816 1887 882 1956 qua
903 1869 951 1935 tllt
972 1872 1052 1936 sunt
1074 1870 1220 1960 ortgtne,
1253 1872 1387 1953 setute,
1419 1886 1486 1933 ns-

421 1992 514 2072 turu,
535 1991 661 2057 tantam
683 1990 852 2056 uesttmsrt
872 2009 941 2056 non
962 1993 1141 2077 oportere,
1161 1993 1199 2055 ut
1221 2009 1342 2056 sensus
1361 2007 1486 2057 neces·

422 2111 533 2198 sitatt,
572 2128 657 2197 qnae
686 2109 832 2180 dlecernt
859 2111 981 2179 tudteto
1010 2113 1141 2199 potest,
1173 2110 1358 2177 omnimodo
1383 2115 1486 2177 unte-

422 2227 626 2318 ponetur⁶⁹).

423 2545 532 2591 emtur-
562 2540 759 2592 commiserunt
771 2546 863 2593 sutem
872 2543 924 2593 hoc

423 2628 504 2679 «loeo
531 2629 617 2679 critici
644 2635 675 2680 ut
695 2642 777 2695 saepe
798 2631 866 2681 utias
883 2644 925 2682 er·

423 2731 536 2768 srorem
566 2718 594 2769 in
626 2717 769 2768 dialectica
807 2719 923 2769 ratione.

422 2806 551 2858 «Tullius
568 2807 643 2857 enim
666 2807 719 2858 troc
736 2807 795 2858 uott
811 2807 926 2858 ‹temou-

424 2900 531 2947 «strare
558 2895 641 2958 tude,
677 2895 751 2960 quod
777 2896 837 2947 Sex.
856 2896 926 2948 Nae·

422 2985 507 3033 ouius
527 2998 581 3035 non
601 2984 730 3036 uniuersa
750 2998 820 3049 quae
838 2985 926 3035 teneri

422 3086 478 3124 sae
498 3074 631 3137 possideri
648 3074 753 3139 possint
766 3074 925 3137 possederit,

422 3175 580 3225 «apparere
611 3164 681 3214 adeo
711 3163 780 3217 nihil
811 3163 926 3214 istorum

423 3251 579 3301 abonorum
598 3253 657 3303 iure
683 3264 743 3302 esse
770 3264 925 3316 possessum

423 3340 538 3403 uitaque
550 3340 629 3390 dicit:
650 3341 740 3390 omnio
755 3345 845 3391 cutem
857 3341 927 3393 bonu

423 3440 567 3491 sposseaso
601 3439 658 3475 non
691 3440 746 3477 essa
780 3431 925 3490 constitui,

423 3517 518 3580 «qnod
530 3542 561 3553 -
577 3517 712 3580 possint,
732 3517 785 3567 boe
799 3518 823 3567 si
841 3523 925 3578 reete,

423 3610 473 3655 «ut
498 3618 548 3670 par
574 3612 630 3668 est,
661 3605 845 3667 intellexeris,
870 3619 927 3657 nou

424 3698 501 3755 rest,
520 3699 550 3745 ut
571 3701 697 3758 putarant
717 3696 826 3746 critici:
853 3692 927 3746 ’Ναο-

424 3784 521 3832 notum
537 3795 592 3832 oon
609 3784 701 3834 omnio
714 3784 861 3846 possedisse
879 3783 927 3835 sed

425 3869 580 3921 «Nasutum
597 3873 689 3922 omnio
704 3885 760 3921 non
769 3874 926 3935 possedisse

424 3973 472 4010 scs
497 3961 568 4010 asion
598 3960 651 4011 orn
682 3960 762 4011 Gitter
793 3963 866 4012 nictu
898 3963 928 4011 in

981 2541 1134 2605 «suosne
1152 2541 1442 2606 bonumamicum,
1464 2540 1485 2591 t.

982 2644 1031 2681 os.
1052 2644 1079 2681 es
1096 2632 1133 2680 ssi
1151 2629 1211 2680 bein
1229 2628 1284 2680 Got
1307 2629 1339 2678 tn
1356 2629 1485 2691 Bercbtop

981 2732 1157 2783 spanommen
1182 2720 1300 2770 worm.
1333 2719 1393 2768 floc
1410 2717 1486 2768 deni·

981 2821 1058 2872 «qus
1084 2808 1152 2859 uthit
1177 2813 1219 2860 est
1245 2808 1320 2858 atiud
1339 2809 1391 2857 nist
1414 2805 1484 2855 hoo:

983 2898 1116 2947 «omniuo
1135 2910 1168 2947 oc
1190 2897 1276 2961 ploos
1294 2910 1349 2947 non
1361 2907 1487 2960 possessu

982 2998 1056 3036 «asae
1076 2985 1171 3046 Quotnti
1191 2985 1262 3036 bono
1279 3000 1298 3036 o
1315 2984 1446 3035 uadoso·

1015 3072 1066 3138 68)
1083 3074 1151 3124 Vide
1170 3086 1253 3138 supra
1272 3088 1298 3138 p.
1319 3074 1381 3125 188.

1016 3162 1063 3222 db)
1089 3163 1160 3226 Quid
1183 3164 1259 3213 euim
1289 3164 1361 3228 quod
1393 3164 1487 3228 puutto

982 3249 1097 3301 interius
1121 3252 1149 3301 iu
1177 3252 1320 3313 omnibus,
1345 3266 1414 3317 quos
1438 3268 1487 3305 uo·

982 3341 1088 3400 uerior,
1121 3339 1266 3391 Codicibos
1302 3346 1395 3402 extat,
1432 3355 1486 3391 sor·

981 3441 1032 3479 uos
1047 3430 1174 3491 pstuotm
1185 3426 1304 3490 Quinctia·
1317 3428 1373 3494 (hic
1384 3432 1487 3481 omisso

982 3514 1050 3581 non)
1062 3530 1151 3569 omnes
1165 3518 1257 3567 eiectos
1270 3530 1342 3574 aare,
1358 3543 1389 3555 -
1408 3533 1486 3568 num-

982 3607 1043 3671 quis
1061 3606 1200 3656 tuebitur?
1223 3607 1292 3658 Noto
1311 3608 1395 3672 ipsius
1414 3607 1486 3671 capi·

982 3696 1016 3745 tis
1041 3694 1110 3745 fines
1136 3695 1164 3745 in
1189 3709 1318 3760 praesens
1342 3696 1484 3749 excedere.

982 3783 1064 3833 Plura
1088 3797 1121 3836 er
1139 3785 1269 3843 uniuersa
1293 3787 1417 3837 oratione
1441 3799 1486 3836 es·

982 3874 1083 3924 tribeho
1111 3873 1139 3923 in
1167 3874 1300 3937 pagellis,
1330 3888 1402 3940 quas
1426 3887 1487 3939 pro-

985 3964 1055 4012 xime
1074 3969 1234 4027 mouentur.
