3352 5276
205 492 242 569 s.
260 482 297 555 7.
324 478 384 554 m.
407 476 473 566 Q«.
492 478 679 553 absentem
697 486 799 553 reete
816 477 1026 577 defenderit
1042 444 1168 552 necne.
1208 479 1268 542 145

270 667 358 752 Quid
380 671 483 758 igitur
505 670 575 756 est,
601 667 689 753 quod
712 669 835 733 tribuni
860 669 966 753 plebis
988 666 1144 735 dicuntur
1164 668 1270 734 Fabio
1288 675 1388 775 ,22:2¹⁵
1401 678 1427 715 ⁸⁸

206 792 392 878 appellanti
414 788 649 875 respondisse,
671 807 709 855 se
730 788 822 856 nihil
842 793 880 855 tn
899 787 1090 875 semotam
1111 786 1271 856 atPrue-
1289 791 1370 844 ⁹⁶¹¹&
1387 744 1427 785 ψ

207 918 282 979 tore
306 913 430 978 datum
452 911 636 976 addituros
666 908 769 976 esse?
805 909 906 976 Anne
935 912 1139 976 tribunorum
1164 911 1273 996 plebis

206 1035 286 1118 tuit,
309 1032 482 1098 Praetoris
505 1030 665 1097 formulas
686 1048 808 1097 caussa
829 1034 968 1121 cognito
990 1032 1141 1099 redditos
1163 1034 1272 1099 corri-

205 1174 305 1243 gere,
341 1152 529 1239 supplendo
557 1149 808 1219 detrehendoue
836 1147 1041 1220 emendare?
1075 1152 1165 1221 Nihil
1189 1172 1271 1219 uero

206 1278 324 1341 minus.
367 1273 466 1341 Unde
488 1276 704 1363 intelligitur,
726 1274 790 1339 hoe
811 1277 917 1340 solum
940 1277 1006 1341 illis
1027 1277 1140 1342 uerbis
1161 1277 1272 1341 inesse

205 1416 315 1483 neque
344 1398 443 1461 elium
473 1397 685 1491 tribunorum,
707 1402 849 1461 mentem
878 1396 1002 1481 fuisse,
1038 1400 1102 1462 nisi
1129 1401 1167 1463 ut
1188 1417 1272 1482 pro.

205 1521 422 1604 nunciarent,
445 1496 691 1585 eoo'sereteutta
712 1536 779 1582 sua
801 1515 892 1581 nihil
912 1536 987 1583 esse
1005 1516 1180 1604 formulae
1203 1520 1272 1584 od-

206 1642 376 1723 dendum,
411 1640 507 1702 immo
537 1656 677 1723 aequum
705 1656 781 1703 esse
811 1638 982 1724 iudicium,
1019 1638 1107 1725 quod
1129 1638 1272 1706 Praetor

207 1759 515 1847 dedisset-fierique
538 1759 675 1825 decreto
698 1778 760 1824 suo
783 1761 954 1824 iussisset:
976 1758 1009 1822 id
1026 1760 1179 1826 iudicium
1194 1764 1273 1847 quin

207 1883 397 1965 occiperet,
419 1883 509 1946 nullo
531 1883 603 1946 iure
625 1881 763 1947 Fabium
782 1880 992 1946 detrectaret
1016 1901 1080 1966 quo
1096 1881 1138 1947 de
1153 1900 1274 1948 causon

207 2022 287 2067 sese
308 2004 433 2067 uuiilio
457 2006 487 2067 el
506 2022 574 2068 non
590 2003 739 2086 inituros,
762 2004 935 2087 quominus
949 2003 1102 2069 iudicium
1117 2007 1273 2090 occipere

207 2144 230 2189 o
263 2124 427 2221 Proetore
456 2128 653 2212 cogeretur,
680 2142 737 2206 oc,
771 2125 835 2189 nisi
865 2126 1050 2211 occiperet,
1077 2128 1186 2211 omnio
1209 2145 1274 2210 pe-

208 2226 353 2332 teretur,
390 2265 476 2332 qune
505 2248 538 2310 in
568 2264 645 2330 eos,
675 2246 730 2331 qui
757 2245 878 2341 iudicio
901 2250 995 2341 reete
1017 2267 1084 2311 non
1107 2246 1273 2312 deiende-

207 2370 339 2453 rentur,
362 2370 547 2433 constituto
569 2359 725 2445 essent9).

243 2653 271 2720 9)
291 2655 409 2706 Obiieint
426 2654 540 2717 aliquis,
560 2654 583 2703 si
597 2653 665 2703 haec
678 2653 713 2703 ito

209 2746 278 2805 sint,
306 2757 355 2794 eur
377 2743 488 2793 tandem
507 2742 609 2792 tribuni
628 2742 714 2805 plebis

209 2834 268 2883 istis
292 2818 384 2882 uerbis
408 2830 444 2892 (se
467 2832 536 2881 otuu
559 2828 714 2894 αάἀὶειινοε)

208 2928 263 2974 tom
294 2922 450 2985 impropriis
481 2922 509 2970 iu
537 2921 713 2971 decernendo

208 3010 251 3060 usi
270 3011 339 3070 sint,
359 3016 406 3059 aut
425 3008 513 3058 Cicero
535 3009 563 3059 in
576 3010 714 3066 narrando

208 3112 304 3158 eorum
318 3098 427 3149 decreto
440 3104 539 3149 utatur.
567 3098 714 3149 Enimuero

208 3201 253 3237 res
281 3192 323 3238 eet
346 3187 531 3251 apertissimo,
564 3201 653 3251 neque
679 3187 714 3237 ed

208 3275 391 3326 excusandam
402 3276 511 3326 dicendi
519 3275 713 3337 negligentium

208 3363 438 3426 confugiendum,
468 3365 544 3427 quasi
563 3364 664 3414 dictum
683 3364 714 3414 il-

208 3453 266 3513 lud,
274 3453 389 3503 tribunis
399 3452 436 3516 pl.
445 3452 715 3502 comProetorecom·

209 3543 392 3601 munientem,
405 3540 440 3590 nd
451 3540 524 3590 huuc
533 3541 620 3601 magis
630 3554 713 3603 quem

209 3630 243 3680 nd
262 3630 324 3680 illos
343 3629 485 3692 pertineat.
536 3628 623 3678 lmmo
648 3642 714 3678 uero

209 3718 237 3768 id
255 3731 341 3768 unum
361 3717 479 3780 rogabo,
506 3721 536 3767 ut
561 3716 634 3765 illius
657 3717 713 3776 rei,

209 3806 313 3870 quade
332 3807 437 3869 egitur,
458 3805 582 3855 ordinem
601 3805 713 3855 exitum·

209 3907 278 3958 que,
307 3899 390 3943 totam
408 3895 527 3958 denique
547 3893 602 3942 uim
622 3898 648 3942 et
667 3905 713 3942 nn·

208 3976 297 4031 turem
323 3995 377 4031 non
402 3983 490 4032 solum
514 3981 633 4032 exieris
652 3982 713 4031 sob-

209 4070 324 4131 tilitate,
355 4083 451 4119 uerum
482 4071 563 4120 etiem
596 4083 629 4119 ex
661 4083 712 4119 usu

209 4158 351 4209 homiuum
370 4159 496 4221 uitaeque
515 4158 712 4209 consuetudine

210 4246 383 4296 considerare
407 4247 486 4295 nelis.
534 4246 604 4307 Quid
628 4260 710 4311 ergo,

210 4335 232 4384 si
255 4335 356 4383 tribuni
382 4334 419 4398 pl.
438 4329 547 4396 (contra
570 4347 652 4396 quam
674 4334 712 4386 ie·

250 4442 374 4488 &matrim
390 4441 436 4482 laib.
452 4440 467 4478 l

771 2654 840 2703 cisse
869 2653 1007 2717 dicuntur)
1039 2653 1151 2704 Fabium
1182 2655 1274 2719 appel-

770 2740 872 2807 lantem
891 2755 921 2792 se
945 2742 1112 2804 audiissent,
1139 2741 1274 2793 detensio-

752 2878 755 2888 ,
770 2843 833 2880 nem
846 2844 971 2892 rurum,
985 2832 1024 2880 uti
1038 2831 1200 2894 postularet,
1220 2830 1273 2882 lor·

770 2920 861 2969 mulae
893 2919 1046 2969 addendam
1078 2921 1130 2970 sibi
1162 2921 1272 2981 uideri,

769 3013 850 3071 atque
867 3021 912 3067 se,
932 3009 984 3057 uisi
998 3008 1158 3070 adderetur,
1178 3009 1272 3069 Fabio,

769 3099 915 3160 quominus
934 3097 968 3146 nd
989 3096 1119 3147 iodicium
1140 3098 1273 3161 accipien-

769 3186 832 3235 dum
846 3192 1005 3247 cogeretur,
1017 3187 1117 3235 auxilio
1130 3184 1198 3247 iore,
1213 3201 1274 3249 pro·

769 3274 959 3324 nunciassent:
971 3275 1036 3337 quid
1045 3274 1156 3324 Praetor
1164 3280 1273 3324 neturus

769 3363 883 3413 inisset?
909 3363 963 3412 linc
988 3377 1036 3426 pro
1062 3363 1121 3412 iore
1144 3371 1193 3413 suo
1211 3377 1274 3413 eum

770 3452 798 3500 in
809 3451 943 3501 sententio
957 3464 1160 3514 perseuerasse,
1174 3465 1273 3514 cogere

769 3539 883 3589 Fabium
896 3540 930 3589 nd
943 3539 1132 3603 accipiendum
1143 3538 1272 3589 iudicium

769 3628 906 3690 coepisse:
935 3628 1000 3691 quid
1028 3629 1141 3690 posteat
1169 3628 1273 3691 Nempe

769 3717 872 3766 tribuni
884 3716 921 3780 pl.
935 3717 1165 3776 intercessissent,
1183 3729 1271 3779 neque

770 3804 875 3854 Tullius
894 3804 950 3854 ulia
974 3805 1079 3855 ratione
1100 3804 1213 3854 Fabium
1232 3806 1273 3855 in·

770 3894 857 3943 ultum
872 3895 905 3943 nd
919 3892 1036 3943 iudicem
1049 3893 1159 3955 adigere
1172 3895 1273 3956 potuis-

769 3987 818 4032 set.
861 3981 932 4044 Ergo
950 3981 1071 4042 Tullius,
1098 3981 1143 4044 qui
1162 3982 1271 4032 decreto

769 4071 939 4121 tribunorum
968 4069 1137 4134 promulgato
1164 4071 1268 4129 stetim,

769 4158 983 4219 teoctistum,
1008 4158 1189 4220 intelligeret,
1213 4171 1270 4207 mn·

767 4247 858 4307 luerit,
868 4248 974 4312 opinor,
985 4246 1077 4310 paullo
1087 4243 1268 4294 diillcitiorem

768 4349 894 4402 nouaque
920 4336 1011 4399 aliquo
1036 4333 1194 4384 detonsione
1219 4345 1269 4383 sen

962 4440 1001 4500 10
