<?xml version="1.0" encoding="UTF-8"?>
<!DOCTYPE html PUBLIC "-//W3C//DTD XHTML 1.0 Transitional//EN"
    "http://www.w3.org/TR/xhtml1/DTD/xhtml1-transitional.dtd">
<html xmlns="http://www.w3.org/1999/xhtml" xml:lang="en" lang="en">
 <head>
  <title>
</title>
<meta http-equiv="Content-Type" content="text/html;charset=utf-8" />
  <meta name='ocr-system' content='tesseract 3.04.00' />
  <meta name='ocr-capabilities' content='ocr_page ocr_carea ocr_par ocr_line ocrx_word'/>
</head>
<body>
  <div class='ocr_page' id='page_1' title='image "./semestriumadmtu01kellgoog_0049.png"; bbox 0 0 3420 5280; ppageno 0'>
   <div class='ocr_carea' id='block_1_1' title="bbox 436 474 1393 584">
    <p class='ocr_par' dir='ltr' id='par_1_1' title="bbox 436 474 1393 584">
     <span class='ocr_line' id='line_1_1' title="bbox 436 474 1393 584; baseline -0.002 -24"><span class='ocrx_word' id='word_1_1' title='bbox 436 484 478 548; x_wconf 81' lang='lat' dir='ltr'><strong>ii)</strong></span> <span class='ocrx_word' id='word_1_2' title='bbox 541 479 635 584; x_wconf 81' lang='lat' dir='ltr'><strong>Gap.</strong></span> <span class='ocrx_word' id='word_1_3' title='bbox 658 482 693 556; x_wconf 93' lang='grc' dir='ltr'><strong>Ι.</strong></span> <span class='ocrx_word' id='word_1_4' title='bbox 745 480 807 557; x_wconf 87' lang='lat' dir='ltr'><strong>De</strong></span> <span class='ocrx_word' id='word_1_5' title='bbox 830 486 916 558; x_wconf 86' lang='lat' dir='ltr'><strong>iure</strong></span> <span class='ocrx_word' id='word_1_6' title='bbox 942 474 1102 556; x_wconf 76' lang='lat' dir='ltr'><strong>cunerem</strong></span> <span class='ocrx_word' id='word_1_7' title='bbox 1131 480 1393 569; x_wconf 72' lang='lat' dir='ltr'><strong>Quinctianae.</strong></span> 
     </span>
    </p>
   </div>
   <div class='ocr_carea' id='block_1_2' title="bbox 269 671 1498 834">
    <p class='ocr_par' dir='ltr' id='par_1_2' title="bbox 269 671 1498 834">
     <span class='ocr_line' id='line_1_2' title="bbox 269 671 1498 834; baseline 0.003 -63"><span class='ocrx_word' id='word_1_8' title='bbox 269 671 364 834; x_wconf 49' lang='grc' dir='ltr'><strong>ὅῖῐῖἐῖ</strong></span> <span class='ocrx_word' id='word_1_9' title='bbox 372 675 417 782; x_wconf 52' lang='grc' dir='ltr'><strong>’ᾖξ’</strong></span> <span class='ocrx_word' id='word_1_10' title='bbox 437 715 511 776; x_wconf 85' lang='lat' dir='ltr'><strong>tere</strong></span> <span class='ocrx_word' id='word_1_11' title='bbox 525 704 743 800; x_wconf 78' lang='lat' dir='ltr'><strong>intelligit³⁵),</strong></span> <span class='ocrx_word' id='word_1_12' title='bbox 764 709 947 794; x_wconf 83' lang='lat' dir='ltr'><strong>iterumque</strong></span> <span class='ocrx_word' id='word_1_13' title='bbox 962 713 1068 789; x_wconf 83' lang='lat' dir='ltr'><strong>erret,</strong></span> <span class='ocrx_word' id='word_1_14' title='bbox 1091 706 1166 773; x_wconf 92' lang='lat' dir='ltr'><strong>dum</strong></span> <span class='ocrx_word' id='word_1_15' title='bbox 1182 711 1324 774; x_wconf 87' lang='lat' dir='ltr'><strong>mutuum</strong></span> <span class='ocrx_word' id='word_1_16' title='bbox 1340 712 1498 795; x_wconf 84' lang='lat' dir='ltr'><strong>opinetur</strong></span> 
     </span>
    </p>
   </div>
   <div class='ocr_carea' id='block_1_3' title="bbox 435 828 1496 1042">
    <p class='ocr_par' dir='ltr' id='par_1_3' title="bbox 435 828 1496 1042">
     <span class='ocr_line' id='line_1_3' title="bbox 435 828 1496 917; baseline 0.002 -22"><span class='ocrx_word' id='word_1_17' title='bbox 435 832 648 917; x_wconf 72' lang='lat' dir='ltr'><strong>sponsionem</strong></span> <span class='ocrx_word' id='word_1_18' title='bbox 682 831 806 917; x_wconf 81' lang='lat' dir='ltr'><strong>fuisse3</strong></span> <span class='ocrx_word' id='word_1_19' title='bbox 841 828 884 896; x_wconf 88' lang='lat' dir='ltr'><strong>ed</strong></span> <span class='ocrx_word' id='word_1_20' title='bbox 920 848 1055 915; x_wconf 80' lang='lat' dir='ltr'><strong>quorum</strong></span> <span class='ocrx_word' id='word_1_21' title='bbox 1091 831 1270 913; x_wconf 78' lang='lat' dir='ltr'><strong>rationem,</strong></span> <span class='ocrx_word' id='word_1_22' title='bbox 1304 829 1496 898; x_wconf 85' lang='lat' dir='ltr'><strong>Hotomanl</strong></span> 
     </span>
     <span class='ocr_line' id='line_1_4' title="bbox 437 953 1104 1042; baseline -0.003 -25"><span class='ocrx_word' id='word_1_23' title='bbox 437 955 627 1042; x_wconf 73' lang='lat' dir='ltr'><strong>praecipue,</strong></span> <span class='ocrx_word' id='word_1_24' title='bbox 649 954 761 1018; x_wconf 81' lang='lat' dir='ltr'><strong>stetim</strong></span> <span class='ocrx_word' id='word_1_25' title='bbox 789 953 955 1018; x_wconf 85' lang='lat' dir='ltr'><strong>reuerenrl</strong></span> <span class='ocrx_word' id='word_1_26' title='bbox 982 970 1104 1017; x_wconf 84' lang='lat' dir='ltr'><strong>eumue.</strong></span> 
     </span>
    </p>
   </div>
   <div class='ocr_carea' id='block_1_4' title="bbox 433 1237 940 2988">
    <p class='ocr_par' dir='ltr' id='par_1_4' title="bbox 433 1237 940 2988">
     <span class='ocr_line' id='line_1_5' title="bbox 471 1237 940 1304; baseline -0.009 -11"><span class='ocrx_word' id='word_1_27' title='bbox 471 1241 517 1295; x_wconf 82' lang='grc'><strong>35)</strong></span> <span class='ocrx_word' id='word_1_28' title='bbox 530 1239 674 1292; x_wconf 80' lang='lat' dir='ltr'><strong>Huscbltius</strong></span> <span class='ocrx_word' id='word_1_29' title='bbox 683 1239 717 1290; x_wconf 84' lang='lat' dir='ltr'><strong>sd</strong></span> <span class='ocrx_word' id='word_1_30' title='bbox 726 1252 751 1289; x_wconf 87' lang='lat' dir='ltr'><strong>u.</strong></span> <span class='ocrx_word' id='word_1_31' title='bbox 761 1238 805 1290; x_wconf 79' lang='lat'><strong>³0.</strong></span> <span class='ocrx_word' id='word_1_32' title='bbox 817 1252 866 1304; x_wconf 91' lang='lat' dir='ltr'><strong>pro</strong></span> <span class='ocrx_word' id='word_1_33' title='bbox 876 1237 940 1289; x_wconf 88' lang='lat' dir='ltr'><strong>Tui·</strong></span> 
     </span>
     <span class='ocr_line' id='line_1_6' title="bbox 436 1327 940 1386; baseline -0.006 -6"><span class='ocrx_word' id='word_1_34' title='bbox 436 1330 473 1381; x_wconf 88' lang='lat' dir='ltr'><strong>iio</strong></span> <span class='ocrx_word' id='word_1_35' title='bbox 487 1331 525 1386; x_wconf 86' lang='lat' dir='ltr'><strong>(in</strong></span> <span class='ocrx_word' id='word_1_36' title='bbox 539 1330 613 1379; x_wconf 85' lang='lat' dir='ltr'><strong>imm.</strong></span> <span class='ocrx_word' id='word_1_37' title='bbox 626 1328 656 1380; x_wconf 83' lang='lat' dir='ltr'><strong>G.</strong></span> <span class='ocrx_word' id='word_1_38' title='bbox 669 1328 791 1378; x_wconf 79' lang='lat' dir='ltr'><strong>Hmcltlrii</strong></span> <span class='ocrx_word' id='word_1_39' title='bbox 802 1327 940 1378; x_wconf 67' lang='lat' dir='ltr'><strong>tinnientis</strong></span> 
     </span>
     <span class='ocr_line' id='line_1_7' title="bbox 436 1414 939 1482; baseline -0.008 -12"><span class='ocrx_word' id='word_1_40' title='bbox 436 1418 582 1478; x_wconf 75' lang='lat' dir='ltr'><strong>litterariis,</strong></span> <span class='ocrx_word' id='word_1_41' title='bbox 602 1432 628 1482; x_wconf 91' lang='lat' dir='ltr'><strong>p.</strong></span> <span class='ocrx_word' id='word_1_42' title='bbox 643 1416 718 1471; x_wconf 82' lang='lat' dir='ltr'><strong>ilii.)</strong></span> <span class='ocrx_word' id='word_1_43' title='bbox 738 1416 862 1482; x_wconf 88' lang='lat' dir='ltr'><strong>principii</strong></span> <span class='ocrx_word' id='word_1_44' title='bbox 878 1414 939 1467; x_wconf 90' lang='lat' dir='ltr'><strong>loco</strong></span> 
     </span>
     <span class='ocr_line' id='line_1_8' title="bbox 436 1505 939 1572; baseline -0.006 -15"><span class='ocrx_word' id='word_1_45' title='bbox 436 1507 543 1572; x_wconf 84' lang='lat' dir='ltr'><strong>posuit:</strong></span> <span class='ocrx_word' id='word_1_46' title='bbox 570 1506 682 1570; x_wconf 86' lang='lat' dir='ltr'><strong>sponsio</strong></span> <span class='ocrx_word' id='word_1_47' title='bbox 703 1513 829 1569; x_wconf 86' lang='lat' dir='ltr'><strong>perpetuo</strong></span> <span class='ocrx_word' id='word_1_48' title='bbox 858 1505 939 1555; x_wconf 86' lang='lat' dir='ltr'><strong>solius</strong></span> 
     </span>
     <span class='ocr_line' id='line_1_9' title="bbox 435 1591 937 1659; baseline -0.008 -13"><span class='ocrx_word' id='word_1_49' title='bbox 435 1598 533 1646; x_wconf 85' lang='lat' dir='ltr'><strong>actoris</strong></span> <span class='ocrx_word' id='word_1_50' title='bbox 557 1602 595 1645; x_wconf 89' lang='lat' dir='ltr'><strong>est</strong></span> <span class='ocrx_word' id='word_1_51' title='bbox 626 1591 666 1657; x_wconf 89' lang='lat' dir='ltr'><strong>(b.</strong></span> <span class='ocrx_word' id='word_1_52' title='bbox 694 1607 720 1644; x_wconf 92' lang='lat' dir='ltr'><strong>e.</strong></span> <span class='ocrx_word' id='word_1_53' title='bbox 744 1593 937 1659; x_wconf 60' lang='lat' dir='ltr'><strong>stipulatorum</strong></span> 
     </span>
     <span class='ocr_line' id='line_1_10' title="bbox 434 1679 938 1749; baseline -0.008 -15"><span class='ocrx_word' id='word_1_54' title='bbox 434 1685 507 1749; x_wconf 83' lang='lat' dir='ltr'><strong>quod</strong></span> <span class='ocrx_word' id='word_1_55' title='bbox 525 1682 631 1734; x_wconf 82' lang='lat' dir='ltr'><strong>temetsi</strong></span> <span class='ocrx_word' id='word_1_56' title='bbox 648 1681 682 1732; x_wconf 84' lang='lat' dir='ltr'><strong>sd</strong></span> <span class='ocrx_word' id='word_1_57' title='bbox 701 1687 819 1733; x_wconf 75' lang='lat' dir='ltr'><strong>extreme</strong></span> <span class='ocrx_word' id='word_1_58' title='bbox 838 1679 938 1731; x_wconf 79' lang='lat' dir='ltr'><strong>ibidem</strong></span> 
     </span>
     <span class='ocr_line' id='line_1_11' title="bbox 434 1769 939 1837; baseline -0.01 -14"><span class='ocrx_word' id='word_1_59' title='bbox 434 1773 605 1837; x_wconf 71' lang='lat' dir='ltr'><strong>perducitur,</strong></span> <span class='ocrx_word' id='word_1_60' title='bbox 625 1783 696 1835; x_wconf 83' lang='lat' dir='ltr'><strong>quse</strong></span> <span class='ocrx_word' id='word_1_61' title='bbox 713 1770 797 1820; x_wconf 85' lang='lat' dir='ltr'><strong>nimis</strong></span> <span class='ocrx_word' id='word_1_62' title='bbox 816 1769 883 1819; x_wconf 90' lang='lat' dir='ltr'><strong>mibi</strong></span> <span class='ocrx_word' id='word_1_63' title='bbox 900 1769 939 1819; x_wconf 92' lang='lat' dir='ltr'><strong>ni·</strong></span> 
     </span>
     <span class='ocr_line' id='line_1_12' title="bbox 434 1859 938 1924; baseline -0.01 -12"><span class='ocrx_word' id='word_1_64' title='bbox 434 1863 542 1923; x_wconf 88' lang='lat' dir='ltr'><strong>dentur,</strong></span> <span class='ocrx_word' id='word_1_65' title='bbox 552 1867 642 1911; x_wconf 80' lang='lat' dir='ltr'><strong>temen</strong></span> <span class='ocrx_word' id='word_1_66' title='bbox 653 1859 799 1924; x_wconf 88' lang='lat' dir='ltr'><strong>plurimum</strong></span> <span class='ocrx_word' id='word_1_67' title='bbox 808 1859 867 1909; x_wconf 84' lang='lat' dir='ltr'><strong>ueri</strong></span> <span class='ocrx_word' id='word_1_68' title='bbox 877 1870 938 1908; x_wconf 85' lang='lat' dir='ltr'><strong>meo</strong></span> 
     </span>
     <span class='ocr_line' id='line_1_13' title="bbox 434 1947 939 2014; baseline -0.006 -14"><span class='ocrx_word' id='word_1_69' title='bbox 434 1963 543 2014; x_wconf 88' lang='lat' dir='ltr'><strong>quoque</strong></span> <span class='ocrx_word' id='word_1_70' title='bbox 558 1948 657 1999; x_wconf 89' lang='lat' dir='ltr'><strong>iudicio</strong></span> <span class='ocrx_word' id='word_1_71' title='bbox 673 1948 762 1998; x_wconf 74' lang='lat' dir='ltr'><strong>bibet.</strong></span> <span class='ocrx_word' id='word_1_72' title='bbox 805 1947 939 1999; x_wconf 85' lang='lat' dir='ltr'><strong>Nimirum</strong></span> 
     </span>
     <span class='ocr_line' id='line_1_14' title="bbox 435 2035 939 2089; baseline -0.01 0"><span class='ocrx_word' id='word_1_73' title='bbox 435 2038 505 2089; x_wconf 89' lang='lat' dir='ltr'><strong>sicut</strong></span> <span class='ocrx_word' id='word_1_74' title='bbox 528 2037 657 2087; x_wconf 86' lang='lat' dir='ltr'><strong>actionem</strong></span> <span class='ocrx_word' id='word_1_75' title='bbox 684 2036 729 2086; x_wconf 90' lang='lat' dir='ltr'><strong>uei</strong></span> <span class='ocrx_word' id='word_1_76' title='bbox 750 2035 874 2085; x_wconf 83' lang='lat' dir='ltr'><strong>indicium</strong></span> <span class='ocrx_word' id='word_1_77' title='bbox 893 2036 939 2085; x_wconf 82' lang='lat' dir='ltr'><strong>lsa-</strong></span> 
     </span>
     <span class='ocr_line' id='line_1_15' title="bbox 434 2123 940 2189; baseline -0.01 -12"><span class='ocrx_word' id='word_1_78' title='bbox 434 2128 492 2178; x_wconf 81' lang='lat' dir='ltr'><strong>iere</strong></span> <span class='ocrx_word' id='word_1_79' title='bbox 509 2139 567 2175; x_wconf 85' lang='lat' dir='ltr'><strong>oum</strong></span> <span class='ocrx_word' id='word_1_80' title='bbox 584 2125 673 2189; x_wconf 80' lang='lat' dir='ltr'><strong>ulipuo</strong></span> <span class='ocrx_word' id='word_1_81' title='bbox 690 2130 717 2174; x_wconf 87' lang='lat' dir='ltr'><strong>et</strong></span> <span class='ocrx_word' id='word_1_82' title='bbox 728 2123 828 2174; x_wconf 83' lang='lat' dir='ltr'><strong>similis</strong></span> <span class='ocrx_word' id='word_1_83' title='bbox 841 2124 940 2173; x_wconf 85' lang='lat' dir='ltr'><strong>actoris</strong></span> 
     </span>
     <span class='ocr_line' id='line_1_16' title="bbox 436 2213 939 2280; baseline -0.008 -15"><span class='ocrx_word' id='word_1_84' title='bbox 436 2214 524 2280; x_wconf 82' lang='lat' dir='ltr'><strong>potius</strong></span> <span class='ocrx_word' id='word_1_85' title='bbox 555 2217 619 2262; x_wconf 91' lang='lat' dir='ltr'><strong>sunt</strong></span> <span class='ocrx_word' id='word_1_86' title='bbox 647 2226 729 2276; x_wconf 77' lang='lat' dir='ltr'><strong>quum</strong></span> <span class='ocrx_word' id='word_1_87' title='bbox 755 2213 809 2262; x_wconf 88' lang='lat' dir='ltr'><strong>eius</strong></span> <span class='ocrx_word' id='word_1_88' title='bbox 837 2213 939 2276; x_wconf 74' lang='lat' dir='ltr'><strong>quierem</strong></span> 
     </span>
     <span class='ocr_line' id='line_1_17' title="bbox 436 2300 938 2368; baseline -0.008 -15"><span class='ocrx_word' id='word_1_89' title='bbox 436 2305 541 2368; x_wconf 81' lang='lat' dir='ltr'><strong>apitur,</strong></span> <span class='ocrx_word' id='word_1_90' title='bbox 561 2307 643 2364; x_wconf 79' lang='lat' dir='ltr'><strong>etque</strong></span> <span class='ocrx_word' id='word_1_91' title='bbox 661 2301 696 2350; x_wconf 84' lang='lat' dir='ltr'><strong>its</strong></span> <span class='ocrx_word' id='word_1_92' title='bbox 714 2313 774 2351; x_wconf 81' lang='lat' dir='ltr'><strong>esse</strong></span> <span class='ocrx_word' id='word_1_93' title='bbox 789 2300 871 2350; x_wconf 84' lang='lat' dir='ltr'><strong>etism</strong></span> <span class='ocrx_word' id='word_1_94' title='bbox 883 2313 938 2350; x_wconf 93' lang='lat' dir='ltr'><strong>ser·</strong></span> 
     </span>
     <span class='ocr_line' id='line_1_18' title="bbox 436 2392 939 2456; baseline 0 -14"><span class='ocrx_word' id='word_1_95' title='bbox 436 2393 525 2443; x_wconf 87' lang='lat' dir='ltr'><strong>monis</strong></span> <span class='ocrx_word' id='word_1_96' title='bbox 544 2407 594 2444; x_wconf 90' lang='lat' dir='ltr'><strong>nsu</strong></span> <span class='ocrx_word' id='word_1_97' title='bbox 608 2392 790 2453; x_wconf 76' lang='lat' dir='ltr'><strong>declarentur,</strong></span> <span class='ocrx_word' id='word_1_98' title='bbox 810 2393 849 2443; x_wconf 85' lang='lat' dir='ltr'><strong>sic</strong></span> <span class='ocrx_word' id='word_1_99' title='bbox 861 2405 939 2456; x_wconf 89' lang='lat' dir='ltr'><strong>spon·</strong></span> 
     </span>
     <span class='ocr_line' id='line_1_19' title="bbox 434 2482 938 2547; baseline -0.002 -15"><span class='ocrx_word' id='word_1_100' title='bbox 434 2482 533 2532; x_wconf 90' lang='lat' dir='ltr'><strong>sionem</strong></span> <span class='ocrx_word' id='word_1_101' title='bbox 544 2496 602 2533; x_wconf 86' lang='lat' dir='ltr'><strong>eum</strong></span> <span class='ocrx_word' id='word_1_102' title='bbox 616 2482 705 2546; x_wconf 77' lang='lat' dir='ltr'><strong>aliquo</strong></span> <span class='ocrx_word' id='word_1_103' title='bbox 724 2483 809 2547; x_wconf 72' lang='lat' dir='ltr'><strong>sarem</strong></span> <span class='ocrx_word' id='word_1_104' title='bbox 826 2495 874 2532; x_wconf 88' lang='lat' dir='ltr'><strong>seu</strong></span> <span class='ocrx_word' id='word_1_105' title='bbox 891 2482 938 2531; x_wconf 83' lang='lat' dir='ltr'><strong>ba·</strong></span> 
     </span>
     <span class='ocr_line' id='line_1_20' title="bbox 434 2569 938 2635; baseline -0.002 -14"><span class='ocrx_word' id='word_1_106' title='bbox 434 2570 492 2621; x_wconf 89' lang='lat' dir='ltr'><strong>bere</strong></span> <span class='ocrx_word' id='word_1_107' title='bbox 511 2571 596 2635; x_wconf 73' lang='lat' dir='ltr'><strong>mugio</strong></span> <span class='ocrx_word' id='word_1_108' title='bbox 615 2571 722 2635; x_wconf 89' lang='lat' dir='ltr'><strong>proprie</strong></span> <span class='ocrx_word' id='word_1_109' title='bbox 739 2570 882 2634; x_wconf 74' lang='lat' dir='ltr'><strong>stipulator</strong></span> <span class='ocrx_word' id='word_1_110' title='bbox 898 2569 938 2620; x_wconf 91' lang='lat' dir='ltr'><strong>di·</strong></span> 
     </span>
     <span class='ocr_line' id='line_1_21' title="bbox 434 2658 938 2724; baseline -0.006 -15"><span class='ocrx_word' id='word_1_111' title='bbox 434 2660 505 2710; x_wconf 91' lang='lat' dir='ltr'><strong>citur</strong></span> <span class='ocrx_word' id='word_1_112' title='bbox 529 2673 611 2724; x_wconf 78' lang='lat' dir='ltr'><strong>quum</strong></span> <span class='ocrx_word' id='word_1_113' title='bbox 637 2659 682 2724; x_wconf 80' lang='lat' dir='ltr'><strong>pui</strong></span> <span class='ocrx_word' id='word_1_114' title='bbox 705 2658 847 2722; x_wconf 80' lang='lat' dir='ltr'><strong>stipulanti</strong></span> <span class='ocrx_word' id='word_1_115' title='bbox 874 2670 938 2721; x_wconf 91' lang='lat' dir='ltr'><strong>pro·</strong></span> 
     </span>
     <span class='ocr_line' id='line_1_22' title="bbox 433 2745 938 2799; baseline -0.004 -1"><span class='ocrx_word' id='word_1_116' title='bbox 433 2748 527 2798; x_wconf 87' lang='lat' dir='ltr'><strong>mittit.</strong></span> <span class='ocrx_word' id='word_1_117' title='bbox 551 2747 745 2799; x_wconf 73' lang='lat' dir='ltr'><strong>Verumtamen</strong></span> <span class='ocrx_word' id='word_1_118' title='bbox 759 2747 811 2797; x_wconf 91' lang='lat' dir='ltr'><strong>boc</strong></span> <span class='ocrx_word' id='word_1_119' title='bbox 823 2745 884 2797; x_wconf 89' lang='lat' dir='ltr'><strong>ioco</strong></span> <span class='ocrx_word' id='word_1_120' title='bbox 897 2759 938 2796; x_wconf 85' lang='lat' dir='ltr'><strong>ss·</strong></span> 
     </span>
     <span class='ocr_line' id='line_1_23' title="bbox 435 2836 937 2897; baseline -0.006 -11"><span class='ocrx_word' id='word_1_121' title='bbox 435 2837 469 2886; x_wconf 86' lang='lat' dir='ltr'><strong>tis</strong></span> <span class='ocrx_word' id='word_1_122' title='bbox 487 2836 555 2897; x_wconf 91' lang='lat' dir='ltr'><strong>erit,</strong></span> <span class='ocrx_word' id='word_1_123' title='bbox 585 2841 679 2886; x_wconf 88' lang='lat' dir='ltr'><strong>contrs</strong></span> <span class='ocrx_word' id='word_1_124' title='bbox 703 2836 833 2886; x_wconf 83' lang='lat' dir='ltr'><strong>Doctores</strong></span> <span class='ocrx_word' id='word_1_125' title='bbox 855 2847 937 2897; x_wconf 87' lang='lat' dir='ltr'><strong>suprs</strong></span> 
     </span>
     <span class='ocr_line' id='line_1_24' title="bbox 436 2922 936 2988; baseline -0.004 -14"><span class='ocrx_word' id='word_1_126' title='bbox 436 2925 559 2975; x_wconf 71' lang='lat' dir='ltr'><strong>laudatos</strong></span> <span class='ocrx_word' id='word_1_127' title='bbox 578 2924 711 2985; x_wconf 79' lang='lat' dir='ltr'><strong>euiciese,</strong></span> <span class='ocrx_word' id='word_1_128' title='bbox 735 2922 851 2986; x_wconf 78' lang='lat' dir='ltr'><strong>eaemplo</strong></span> <span class='ocrx_word' id='word_1_129' title='bbox 869 2923 936 2988; x_wconf 74' lang='lat' dir='ltr'><strong>fieri,</strong></span> 
     </span>
    </p>
   </div>
   <div class='ocr_carea' id='block_1_5' title="bbox 437 3010 940 3076">
    <p class='ocr_par' dir='ltr' id='par_1_5' title="bbox 437 3010 940 3076">
     <span class='ocr_line' id='line_1_25' title="bbox 437 3010 940 3076; baseline -0.008 -12"><span class='ocrx_word' id='word_1_130' title='bbox 437 3019 467 3064; x_wconf 89' lang='lat' dir='ltr'><strong>ut</strong></span> <span class='ocrx_word' id='word_1_131' title='bbox 484 3012 529 3076; x_wconf 87' lang='lat' dir='ltr'><strong>qni</strong></span> <span class='ocrx_word' id='word_1_132' title='bbox 548 3010 691 3076; x_wconf 83' lang='lat' dir='ltr'><strong>stipuletur</strong></span> <span class='ocrx_word' id='word_1_133' title='bbox 712 3012 876 3075; x_wconf 68' lang='lat' dir='ltr'><strong>sponsionem</strong></span> <span class='ocrx_word' id='word_1_134' title='bbox 897 3012 940 3076; x_wconf 74' lang='lat' dir='ltr'><strong>sa·</strong></span> 
     </span>
    </p>
   </div>
   <div class='ocr_carea' id='block_1_6' title="bbox 434 3099 938 4403">
    <p class='ocr_par' dir='ltr' id='par_1_6' title="bbox 436 3099 938 3609">
     <span class='ocr_line' id='line_1_26' title="bbox 436 3099 938 3164; baseline -0.008 -12"><span class='ocrx_word' id='word_1_135' title='bbox 436 3114 492 3152; x_wconf 86' lang='lat' dir='ltr'><strong>cere</strong></span> <span class='ocrx_word' id='word_1_136' title='bbox 504 3100 618 3160; x_wconf 81' lang='lat' dir='ltr'><strong>dicetur,</strong></span> <span class='ocrx_word' id='word_1_137' title='bbox 637 3099 709 3164; x_wconf 87' lang='lat' dir='ltr'><strong>quod</strong></span> <span class='ocrx_word' id='word_1_138' title='bbox 728 3099 875 3150; x_wconf 90' lang='lat' dir='ltr'><strong>dummodo</strong></span> <span class='ocrx_word' id='word_1_139' title='bbox 892 3111 938 3162; x_wconf 85' lang='lat' dir='ltr'><strong>sp·</strong></span> 
     </span>
     <span class='ocr_line' id='line_1_27' title="bbox 438 3187 936 3254; baseline -0.004 -15"><span class='ocrx_word' id='word_1_140' title='bbox 438 3190 572 3254; x_wconf 76' lang='lat' dir='ltr'><strong>paruerit,</strong></span> <span class='ocrx_word' id='word_1_141' title='bbox 592 3189 660 3239; x_wconf 86' lang='lat' dir='ltr'><strong>nibil</strong></span> <span class='ocrx_word' id='word_1_142' title='bbox 679 3188 817 3250; x_wconf 72' lang='lat' dir='ltr'><strong>attinebit,</strong></span> <span class='ocrx_word' id='word_1_143' title='bbox 837 3187 936 3237; x_wconf 75' lang='lat' dir='ltr'><strong>diuersi</strong></span> 
     </span>
     <span class='ocr_line' id='line_1_28' title="bbox 437 3276 938 3340; baseline -0.004 -12"><span class='ocrx_word' id='word_1_144' title='bbox 437 3278 581 3339; x_wconf 89' lang='lat' dir='ltr'><strong>sermonis,</strong></span> <span class='ocrx_word' id='word_1_145' title='bbox 600 3291 654 3340; x_wconf 82' lang='lat' dir='ltr'><strong>uuo</strong></span> <span class='ocrx_word' id='word_1_146' title='bbox 672 3277 754 3327; x_wconf 84' lang='lat' dir='ltr'><strong>etiem</strong></span> <span class='ocrx_word' id='word_1_147' title='bbox 773 3277 808 3337; x_wconf 91' lang='lat' dir='ltr'><strong>ei,</strong></span> <span class='ocrx_word' id='word_1_148' title='bbox 828 3276 874 3340; x_wconf 82' lang='lat' dir='ltr'><strong>qui</strong></span> <span class='ocrx_word' id='word_1_149' title='bbox 893 3277 938 3326; x_wconf 88' lang='lat' dir='ltr'><strong>sti·</strong></span> 
     </span>
     <span class='ocr_line' id='line_1_29' title="bbox 437 3365 936 3431; baseline -0.004 -14"><span class='ocrx_word' id='word_1_150' title='bbox 437 3366 542 3431; x_wconf 84' lang='lat' dir='ltr'><strong>puisnti</strong></span> <span class='ocrx_word' id='word_1_151' title='bbox 572 3365 685 3431; x_wconf 88' lang='lat' dir='ltr'><strong>spondet</strong></span> <span class='ocrx_word' id='word_1_152' title='bbox 714 3378 762 3416; x_wconf 89' lang='lat' dir='ltr'><strong>sun</strong></span> <span class='ocrx_word' id='word_1_153' title='bbox 790 3365 936 3429; x_wconf 87' lang='lat' dir='ltr'><strong>promittit,</strong></span> 
     </span>
     <span class='ocr_line' id='line_1_30' title="bbox 436 3454 936 3518; baseline -0.008 -11"><span class='ocrx_word' id='word_1_154' title='bbox 436 3456 532 3507; x_wconf 88' lang='lat' dir='ltr'><strong>esdem</strong></span> <span class='ocrx_word' id='word_1_155' title='bbox 563 3455 608 3505; x_wconf 77' lang='lat' dir='ltr'><strong>iile</strong></span> <span class='ocrx_word' id='word_1_156' title='bbox 639 3455 723 3505; x_wconf 85' lang='lat' dir='ltr'><strong>uerbs</strong></span> <span class='ocrx_word' id='word_1_157' title='bbox 751 3454 936 3518; x_wconf 73' lang='lat' dir='ltr'><strong>supinantur,</strong></span> 
     </span>
     <span class='ocr_line' id='line_1_31' title="bbox 436 3543 677 3609; baseline -0.004 -15"><span class='ocrx_word' id='word_1_158' title='bbox 436 3543 559 3609; x_wconf 83' lang='lat' dir='ltr'><strong>erumpis</strong></span> <span class='ocrx_word' id='word_1_159' title='bbox 578 3543 677 3594; x_wconf 81' lang='lat' dir='ltr'><strong>celere.</strong></span> 
     </span>
    </p>

    <p class='ocr_par' dir='ltr' id='par_1_7' title="bbox 434 3629 938 4403">
     <span class='ocr_line' id='line_1_32' title="bbox 470 3629 938 3696; baseline -0.009 -13"><span class='ocrx_word' id='word_1_160' title='bbox 470 3633 541 3694; x_wconf 77' lang='lat' dir='ltr'><strong>Ergo</strong></span> <span class='ocrx_word' id='word_1_161' title='bbox 557 3633 721 3695; x_wconf 74' lang='lat' dir='ltr'><strong>sponsionem</strong></span> <span class='ocrx_word' id='word_1_162' title='bbox 741 3632 827 3696; x_wconf 82' lang='lat' dir='ltr'><strong>{acere</strong></span> <span class='ocrx_word' id='word_1_163' title='bbox 839 3629 938 3680; x_wconf 91' lang='lat' dir='ltr'><strong>dicitur</strong></span> 
     </span>
     <span class='ocr_line' id='line_1_33' title="bbox 434 3719 934 3784; baseline -0.01 -13"><span class='ocrx_word' id='word_1_164' title='bbox 434 3721 578 3784; x_wconf 80' lang='lat' dir='ltr'><strong>stipulator</strong></span> <span class='ocrx_word' id='word_1_165' title='bbox 595 3720 670 3770; x_wconf 86' lang='lat' dir='ltr'><strong>bisce</strong></span> <span class='ocrx_word' id='word_1_166' title='bbox 694 3719 779 3769; x_wconf 79' lang='lat' dir='ltr'><strong>iocis:</strong></span> <span class='ocrx_word' id='word_1_167' title='bbox 807 3719 840 3768; x_wconf 83' lang='lat' dir='ltr'><strong>sd</strong></span> <span class='ocrx_word' id='word_1_168' title='bbox 859 3719 934 3768; x_wconf 78' lang='lat' dir='ltr'><strong>Frm.</strong></span> 
     </span>
     <span class='ocr_line' id='line_1_34' title="bbox 435 3807 936 3870; baseline -0.004 -11"><span class='ocrx_word' id='word_1_169' title='bbox 435 3808 667 3868; x_wconf 79' lang='lat' dir='ltr'><strong>v11,nr.«...ubi</strong></span> <span class='ocrx_word' id='word_1_170' title='bbox 678 3807 764 3857; x_wconf 89' lang='lat' dir='ltr'><strong>uideri</strong></span> <span class='ocrx_word' id='word_1_171' title='bbox 773 3809 936 3870; x_wconf 81' lang='lat' dir='ltr'><strong>sponsionem</strong></span> 
     </span>
     <span class='ocr_line' id='line_1_35' title="bbox 436 3894 937 3959; baseline 0.002 -15"><span class='ocrx_word' id='word_1_172' title='bbox 436 3897 531 3948; x_wconf 79' lang='lat' dir='ltr'><strong>uillam</strong></span> <span class='ocrx_word' id='word_1_173' title='bbox 554 3909 603 3946; x_wconf 92' lang='lat' dir='ltr'><strong>nos</strong></span> <span class='ocrx_word' id='word_1_174' title='bbox 628 3897 683 3946; x_wconf 90' lang='lat' dir='ltr'><strong>sine</strong></span> <span class='ocrx_word' id='word_1_175' title='bbox 705 3894 823 3958; x_wconf 75' lang='lat' dir='ltr'><strong>perimite</strong></span> <span class='ocrx_word' id='word_1_176' title='bbox 852 3895 937 3959; x_wconf 75' lang='lat' dir='ltr'><strong>{acere</strong></span> 
     </span>
     <span class='ocr_line' id='line_1_36' title="bbox 436 3983 935 4051; baseline -0.002 -19"><span class='ocrx_word' id='word_1_177' title='bbox 436 3998 547 4051; x_wconf 75' lang='lat' dir='ltr'><strong>«posse,</strong></span> <span class='ocrx_word' id='word_1_178' title='bbox 558 3984 587 4034; x_wconf 90' lang='lat' dir='ltr'><strong>Si</strong></span> <span class='ocrx_word' id='word_1_179' title='bbox 595 3985 721 4034; x_wconf 88' lang='lat' dir='ltr'><strong>bonorum</strong></span> <span class='ocrx_word' id='word_1_180' title='bbox 732 3983 866 4046; x_wconf 82' lang='lat' dir='ltr'><strong>Turpiliae</strong></span> <span class='ocrx_word' id='word_1_181' title='bbox 875 3995 935 4045; x_wconf 92' lang='lat' dir='ltr'><strong>pos·</strong></span> 
     </span>
     <span class='ocr_line' id='line_1_37' title="bbox 436 4070 935 4124; baseline 0 -3"><span class='ocrx_word' id='word_1_182' title='bbox 436 4075 592 4124; x_wconf 83' lang='lat' dir='ltr'><strong>ssessionem</strong></span> <span class='ocrx_word' id='word_1_183' title='bbox 613 4076 640 4122; x_wconf 91' lang='lat' dir='ltr'><strong>et</strong></span> <span class='ocrx_word' id='word_1_184' title='bbox 663 4072 712 4123; x_wconf 87' lang='lat' dir='ltr'><strong>rel.</strong></span> <span class='ocrx_word' id='word_1_185' title='bbox 734 4070 811 4122; x_wconf 86' lang='lat' dir='ltr'><strong>Cani.</strong></span> <span class='ocrx_word' id='word_1_186' title='bbox 837 4070 935 4121; x_wconf 80' lang='lat' dir='ltr'><strong>Huselr·</strong></span> 
     </span>
     <span class='ocr_line' id='line_1_38' title="bbox 434 4159 934 4223; baseline -0.008 -11"><span class='ocrx_word' id='word_1_187' title='bbox 434 4162 504 4213; x_wconf 81' lang='lat' dir='ltr'><strong>lium</strong></span> <span class='ocrx_word' id='word_1_188' title='bbox 530 4161 564 4210; x_wconf 89' lang='lat' dir='ltr'><strong>de</strong></span> <span class='ocrx_word' id='word_1_189' title='bbox 593 4173 688 4210; x_wconf 81' lang='lat' dir='ltr'><strong>censes</strong></span> <span class='ocrx_word' id='word_1_190' title='bbox 721 4159 822 4210; x_wconf 76' lang='lat' dir='ltr'><strong>Siliana</strong></span> <span class='ocrx_word' id='word_1_191' title='bbox 852 4173 878 4223; x_wconf 88' lang='lat' dir='ltr'><strong>p.</strong></span> <span class='ocrx_word' id='word_1_192' title='bbox 907 4159 934 4209; x_wconf 83' lang='lat' dir='ltr'><strong>l.</strong></span> 
     </span>
     <span class='ocr_line' id='line_1_39' title="bbox 435 4247 936 4308; baseline -0.002 -8"><span class='ocrx_word' id='word_1_193' title='bbox 435 4250 479 4300; x_wconf 81' lang='grc'><strong>13.</strong></span> <span class='ocrx_word' id='word_1_194' title='bbox 502 4273 529 4283; x_wconf 95' lang='grc'><strong>-</strong></span> <span class='ocrx_word' id='word_1_195' title='bbox 553 4250 621 4300; x_wconf 89' lang='lat' dir='ltr'><strong>item</strong></span> <span class='ocrx_word' id='word_1_196' title='bbox 641 4250 669 4299; x_wconf 91' lang='lat' dir='ltr'><strong>in</strong></span> <span class='ocrx_word' id='word_1_197' title='bbox 687 4249 799 4298; x_wconf 77' lang='lat' dir='ltr'><strong>Verrem</strong></span> <span class='ocrx_word' id='word_1_198' title='bbox 815 4247 870 4308; x_wconf 88' lang='grc' dir='ltr'>ΙΙΙ,</span> <span class='ocrx_word' id='word_1_199' title='bbox 890 4248 936 4299; x_wconf 82' lang='lat'><strong>57.</strong></span> 
     </span>
     <span class='ocr_line' id='line_1_40' title="bbox 435 4337 934 4403; baseline -0.01 -13"><span class='ocrx_word' id='word_1_200' title='bbox 435 4353 512 4403; x_wconf 83' lang='lat' dir='ltr'><strong>seqq.</strong></span> <span class='ocrx_word' id='word_1_201' title='bbox 531 4338 584 4389; x_wconf 82' lang='lat' dir='ltr'><strong>«P.</strong></span> <span class='ocrx_word' id='word_1_202' title='bbox 604 4338 720 4388; x_wconf 81' lang='lat' dir='ltr'><strong>Rubrius</strong></span> <span class='ocrx_word' id='word_1_203' title='bbox 737 4337 770 4400; x_wconf 85' lang='lat' dir='ltr'><strong>Q.</strong></span> <span class='ocrx_word' id='word_1_204' title='bbox 785 4337 934 4401; x_wconf 74' lang='lat' dir='ltr'><strong>Apronium</strong></span> 
     </span>
    </p>
   </div>
   <div class='ocr_carea' id='block_1_7' title="bbox 990 1238 1531 4400">
    <p class='ocr_par' dir='ltr' id='par_1_8' title="bbox 990 1238 1531 4400">
     <span class='ocr_line' id='line_1_41' title="bbox 997 1238 1495 1304; baseline 0.004 -16"><span class='ocrx_word' id='word_1_205' title='bbox 997 1239 1166 1304; x_wconf 74' lang='lat' dir='ltr'><strong>«sponsione</strong></span> <span class='ocrx_word' id='word_1_206' title='bbox 1188 1238 1335 1300; x_wconf 81' lang='lat' dir='ltr'><strong>lecesslnit,</strong></span> <span class='ocrx_word' id='word_1_207' title='bbox 1360 1239 1392 1291; x_wconf 84' lang='lat' dir='ltr'><strong>Ni</strong></span> <span class='ocrx_word' id='word_1_208' title='bbox 1411 1239 1495 1304; x_wconf 75' lang='lat' dir='ltr'><strong>Apro·</strong></span> 
     </span>
     <span class='ocr_line' id='line_1_42' title="bbox 996 1327 1496 1385; baseline 0.012 -12"><span class='ocrx_word' id='word_1_209' title='bbox 996 1328 1080 1379; x_wconf 80' lang='lat' dir='ltr'><strong>euius</strong></span> <span class='ocrx_word' id='word_1_210' title='bbox 1097 1327 1241 1385; x_wconf 85' lang='lat' dir='ltr'><strong>dictitsret,</strong></span> <span class='ocrx_word' id='word_1_211' title='bbox 1261 1333 1287 1378; x_wconf 84' lang='lat' dir='ltr'><strong>te</strong></span> <span class='ocrx_word' id='word_1_212' title='bbox 1304 1328 1356 1378; x_wconf 90' lang='lat' dir='ltr'><strong>sibi</strong></span> <span class='ocrx_word' id='word_1_213' title='bbox 1375 1328 1403 1378; x_wconf 90' lang='lat' dir='ltr'><strong>in</strong></span> <span class='ocrx_word' id='word_1_214' title='bbox 1415 1328 1496 1379; x_wconf 86' lang='lat' dir='ltr'><strong>deeu-</strong></span> 
     </span>
     <span class='ocr_line' id='line_1_43' title="bbox 996 1412 1531 1476; baseline 0.007 -12"><span class='ocrx_word' id='word_1_215' title='bbox 996 1418 1071 1466; x_wconf 81' lang='lat' dir='ltr'><strong>smis</strong></span> <span class='ocrx_word' id='word_1_216' title='bbox 1089 1430 1149 1467; x_wconf 89' lang='lat' dir='ltr'><strong>esse</strong></span> <span class='ocrx_word' id='word_1_217' title='bbox 1167 1416 1270 1467; x_wconf 85' lang='lat' dir='ltr'><strong>socium</strong></span> <span class='ocrx_word' id='word_1_218' title='bbox 1285 1449 1292 1464; x_wconf 85' lang='lat'><strong>.</strong></span> <span class='ocrx_word' id='word_1_219' title='bbox 1308 1451 1316 1467; x_wconf 88' lang='lat'><strong>.</strong></span> <span class='ocrx_word' id='word_1_220' title='bbox 1331 1431 1358 1476; x_wconf 83' lang='lat'><strong>.;</strong></span> <span class='ocrx_word' id='word_1_221' title='bbox 1377 1430 1435 1467; x_wconf 87' lang='lat' dir='ltr'><strong>eum</strong></span> <span class='ocrx_word' id='word_1_222' title='bbox 1455 1431 1496 1468; x_wconf 93' lang='lat' dir='ltr'><strong>eo·</strong></span> <span class='ocrx_word' id='word_1_223' title='bbox 1526 1412 1531 1418; x_wconf 84' lang='grc'><strong><em>’</em></strong></span> 
     </span>
     <span class='ocr_line' id='line_1_44' title="bbox 996 1505 1496 1570; baseline 0.01 -18"><span class='ocrx_word' id='word_1_224' title='bbox 996 1507 1075 1556; x_wconf 82' lang='lat' dir='ltr'><strong>edem</strong></span> <span class='ocrx_word' id='word_1_225' title='bbox 1092 1506 1210 1569; x_wconf 73' lang='lat' dir='ltr'><strong>Apronio</strong></span> <span class='ocrx_word' id='word_1_226' title='bbox 1228 1511 1320 1570; x_wconf 84' lang='lat' dir='ltr'><strong>postes</strong></span> <span class='ocrx_word' id='word_1_227' title='bbox 1338 1507 1370 1556; x_wconf 85' lang='grc' dir='ltr'><strong>Ρ.</strong></span> <span class='ocrx_word' id='word_1_228' title='bbox 1389 1505 1496 1557; x_wconf 82' lang='lat' dir='ltr'><strong>Scandi-</strong></span> 
     </span>
     <span class='ocr_line' id='line_1_45' title="bbox 996 1593 1494 1659; baseline -0.002 -18"><span class='ocrx_word' id='word_1_229' title='bbox 996 1594 1069 1643; x_wconf 81' lang='lat' dir='ltr'><strong>elim</strong></span> <span class='ocrx_word' id='word_1_230' title='bbox 1078 1593 1193 1644; x_wconf 75' lang='lat' dir='ltr'><strong>eundem</strong></span> <span class='ocrx_word' id='word_1_231' title='bbox 1202 1595 1366 1658; x_wconf 92' lang='lat' dir='ltr'><strong>sponsionem</strong></span> <span class='ocrx_word' id='word_1_232' title='bbox 1374 1594 1494 1659; x_wconf 67' lang='lat' dir='ltr'><strong>terite...</strong></span> 
     </span>
     <span class='ocr_line' id='line_1_46' title="bbox 996 1667 1496 1748; baseline 0.01 -19"><span class='ocrx_word' id='word_1_233' title='bbox 996 1681 1086 1732; x_wconf 76' lang='lat' dir='ltr'><strong>«iectu</strong></span> <span class='ocrx_word' id='word_1_234' title='bbox 1097 1688 1138 1733; x_wconf 87' lang='lat' dir='ltr'><strong>est</strong></span> <span class='ocrx_word' id='word_1_235' title='bbox 1148 1684 1256 1747; x_wconf 88' lang='lat' dir='ltr'><strong>sponsio</strong></span> <span class='ocrx_word' id='word_1_236' title='bbox 1271 1683 1324 1734; x_wconf 76' lang='lat' dir='ltr'><strong>HS,</strong></span> <span class='ocrx_word' id='word_1_237' title='bbox 1339 1667 1387 1742; x_wconf 62' lang='grc' dir='ltr'><strong>ῖς</strong></span> <span class='ocrx_word' id='word_1_238' title='bbox 1407 1683 1496 1748; x_wconf 90' lang='lat' dir='ltr'><strong>coepit</strong></span> 
     </span>
     <span class='ocr_line' id='line_1_47' title="bbox 996 1771 1496 1835; baseline 0.012 -19"><span class='ocrx_word' id='word_1_239' title='bbox 996 1771 1163 1821; x_wconf 81' lang='lat' dir='ltr'><strong>«Scandilius</strong></span> <span class='ocrx_word' id='word_1_240' title='bbox 1180 1779 1373 1835; x_wconf 77' lang='lat' dir='ltr'><strong>recuperatores</strong></span> <span class='ocrx_word' id='word_1_241' title='bbox 1390 1777 1439 1821; x_wconf 83' lang='lat' dir='ltr'><strong>out</strong></span> <span class='ocrx_word' id='word_1_242' title='bbox 1455 1773 1496 1821; x_wconf 90' lang='lat' dir='ltr'><strong>iu·</strong></span> 
     </span>
     <span class='ocr_line' id='line_1_48' title="bbox 995 1859 1493 1924; baseline 0.01 -20"><span class='ocrx_word' id='word_1_243' title='bbox 995 1859 1096 1911; x_wconf 79' lang='lat' dir='ltr'><strong>edicens</strong></span> <span class='ocrx_word' id='word_1_244' title='bbox 1106 1860 1260 1924; x_wconf 79' lang='lat' dir='ltr'><strong>postulare.</strong></span> <span class='ocrx_word' id='word_1_245' title='bbox 1273 1893 1280 1907; x_wconf 82' lang='grc'><strong>.</strong></span> <span class='ocrx_word' id='word_1_246' title='bbox 1292 1892 1299 1907; x_wconf 84' lang='grc'><strong>.</strong></span> <span class='ocrx_word' id='word_1_247' title='bbox 1311 1859 1426 1923; x_wconf 81' lang='lat' dir='ltr'><strong>sponsio</strong></span> <span class='ocrx_word' id='word_1_248' title='bbox 1439 1865 1493 1911; x_wconf 83' lang='lat' dir='ltr'><strong>est:</strong></span> 
     </span>
     <span class='ocr_line' id='line_1_49' title="bbox 995 1947 1495 2011; baseline 0.002 -14"><span class='ocrx_word' id='word_1_249' title='bbox 995 1947 1050 1998; x_wconf 80' lang='lat' dir='ltr'><strong>«Ni</strong></span> <span class='ocrx_word' id='word_1_250' title='bbox 1070 1955 1095 1998; x_wconf 92' lang='lat' dir='ltr'><strong>te</strong></span> <span class='ocrx_word' id='word_1_251' title='bbox 1116 1947 1247 2011; x_wconf 73' lang='lat' dir='ltr'><strong>Apronius</strong></span> <span class='ocrx_word' id='word_1_252' title='bbox 1267 1948 1297 1998; x_wconf 91' lang='lat' dir='ltr'><strong>in</strong></span> <span class='ocrx_word' id='word_1_253' title='bbox 1320 1949 1433 1999; x_wconf 76' lang='lat' dir='ltr'><strong>deuterus</strong></span> <span class='ocrx_word' id='word_1_254' title='bbox 1454 1961 1495 1998; x_wconf 92' lang='lat' dir='ltr'><strong>so·</strong></span> 
     </span>
     <span class='ocr_line' id='line_1_50' title="bbox 995 2036 1495 2095; baseline 0.008 -12"><span class='ocrx_word' id='word_1_255' title='bbox 995 2037 1083 2086; x_wconf 69' lang='lat' dir='ltr'><strong>suum</strong></span> <span class='ocrx_word' id='word_1_256' title='bbox 1102 2049 1154 2086; x_wconf 90' lang='lat' dir='ltr'><strong>esse</strong></span> <span class='ocrx_word' id='word_1_257' title='bbox 1173 2036 1391 2095; x_wconf 74' lang='lat' dir='ltr'><strong>dical5...abs</strong></span> <span class='ocrx_word' id='word_1_258' title='bbox 1412 2043 1436 2087; x_wconf 92' lang='lat' dir='ltr'><strong>te</strong></span> <span class='ocrx_word' id='word_1_259' title='bbox 1456 2037 1495 2087; x_wconf 87' lang='lat' dir='ltr'><strong>iu·</strong></span> 
     </span>
     <span class='ocr_line' id='line_1_51' title="bbox 993 2125 1495 2190; baseline 0.006 -17"><span class='ocrx_word' id='word_1_260' title='bbox 993 2125 1110 2174; x_wconf 83' lang='lat' dir='ltr'><strong>«dicium</strong></span> <span class='ocrx_word' id='word_1_261' title='bbox 1127 2126 1309 2189; x_wconf 80' lang='lat' dir='ltr'><strong>postulatur..</strong></span> <span class='ocrx_word' id='word_1_262' title='bbox 1326 2157 1356 2174; x_wconf 83' lang='lat'><strong>.·</strong></span> <span class='ocrx_word' id='word_1_263' title='bbox 1375 2125 1495 2190; x_wconf 85' lang='lat' dir='ltr'><strong>lteuupe·</strong></span> 
     </span>
     <span class='ocr_line' id='line_1_52' title="bbox 995 2213 1493 2265; baseline 0 -5"><span class='ocrx_word' id='word_1_264' title='bbox 995 2219 1119 2264; x_wconf 73' lang='lat' dir='ltr'><strong>«ratores</strong></span> <span class='ocrx_word' id='word_1_265' title='bbox 1143 2213 1211 2264; x_wconf 89' lang='lat' dir='ltr'><strong>dicis</strong></span> <span class='ocrx_word' id='word_1_266' title='bbox 1237 2220 1263 2265; x_wconf 91' lang='lat' dir='ltr'><strong>te</strong></span> <span class='ocrx_word' id='word_1_267' title='bbox 1288 2214 1425 2265; x_wconf 75' lang='lat' dir='ltr'><strong>daturum.</strong></span> <span class='ocrx_word' id='word_1_268' title='bbox 1440 2248 1448 2264; x_wconf 87' lang='lat'><strong>.</strong></span> <span class='ocrx_word' id='word_1_269' title='bbox 1463 2245 1493 2261; x_wconf 88' lang='lat'><strong>..</strong></span> 
     </span>
     <span class='ocr_line' id='line_1_53' title="bbox 996 2301 1495 2367; baseline 0.008 -19"><span class='ocrx_word' id='word_1_270' title='bbox 996 2301 1104 2352; x_wconf 72' lang='lat' dir='ltr'><strong>«instet</strong></span> <span class='ocrx_word' id='word_1_271' title='bbox 1128 2302 1276 2353; x_wconf 78' lang='lat' dir='ltr'><strong>Scandilius</strong></span> <span class='ocrx_word' id='word_1_272' title='bbox 1298 2316 1403 2367; x_wconf 87' lang='lat' dir='ltr'><strong>poscere</strong></span> <span class='ocrx_word' id='word_1_273' title='bbox 1424 2316 1495 2354; x_wconf 88' lang='lat' dir='ltr'><strong>reeu-</strong></span> 
     </span>
     <span class='ocr_line' id='line_1_54' title="bbox 994 2386 1495 2455; baseline 0.014 -20"><span class='ocrx_word' id='word_1_274' title='bbox 994 2395 1168 2455; x_wconf 80' lang='lat' dir='ltr'><strong>eperalores.</strong></span> <span class='ocrx_word' id='word_1_275' title='bbox 1184 2423 1215 2442; x_wconf 87' lang='lat'><strong>..</strong></span> <span class='ocrx_word' id='word_1_276' title='bbox 1235 2386 1354 2455; x_wconf 76' lang='lat' dir='ltr'><strong>(Verres)</strong></span> <span class='ocrx_word' id='word_1_277' title='bbox 1379 2390 1444 2442; x_wconf 89' lang='lat' dir='ltr'><strong>dicit</strong></span> <span class='ocrx_word' id='word_1_278' title='bbox 1465 2404 1495 2442; x_wconf 90' lang='lat' dir='ltr'><strong>su</strong></span> 
     </span>
     <span class='ocr_line' id='line_1_55' title="bbox 993 2477 1491 2530; baseline 0.004 -5"><span class='ocrx_word' id='word_1_279' title='bbox 993 2477 1051 2529; x_wconf 82' lang='lat' dir='ltr'><strong>«de</strong></span> <span class='ocrx_word' id='word_1_280' title='bbox 1077 2480 1188 2529; x_wconf 85' lang='lat' dir='ltr'><strong>cohorte</strong></span> <span class='ocrx_word' id='word_1_281' title='bbox 1215 2492 1264 2529; x_wconf 84' lang='lat' dir='ltr'><strong>sus</strong></span> <span class='ocrx_word' id='word_1_282' title='bbox 1288 2480 1424 2530; x_wconf 86' lang='lat' dir='ltr'><strong>dsturnm.</strong></span> <span class='ocrx_word' id='word_1_283' title='bbox 1440 2513 1447 2528; x_wconf 90' lang='lat'><strong>.</strong></span> <span class='ocrx_word' id='word_1_284' title='bbox 1463 2512 1491 2528; x_wconf 86' lang='lat'><strong>..</strong></span> 
     </span>
     <span class='ocr_line' id='line_1_56' title="bbox 993 2565 1495 2630; baseline 0.01 -16"><span class='ocrx_word' id='word_1_285' title='bbox 993 2565 1164 2617; x_wconf 79' lang='lat' dir='ltr'><strong>«Scandilius</strong></span> <span class='ocrx_word' id='word_1_286' title='bbox 1178 2567 1314 2630; x_wconf 87' lang='lat' dir='ltr'><strong>postulare</strong></span> <span class='ocrx_word' id='word_1_287' title='bbox 1325 2569 1357 2618; x_wconf 93' lang='lat' dir='ltr'><strong>de</strong></span> <span class='ocrx_word' id='word_1_288' title='bbox 1367 2574 1495 2619; x_wconf 85' lang='lat' dir='ltr'><strong>conuentu</strong></span> 
     </span>
     <span class='ocr_line' id='line_1_57' title="bbox 993 2662 1494 2720; baseline 0.01 -18"><span class='ocrx_word' id='word_1_289' title='bbox 993 2662 1229 2719; x_wconf 83' lang='lat' dir='ltr'><strong>«recuperatores,</strong></span> <span class='ocrx_word' id='word_1_290' title='bbox 1249 2689 1256 2704; x_wconf 86' lang='lat'><strong>.</strong></span> <span class='ocrx_word' id='word_1_291' title='bbox 1278 2691 1286 2707; x_wconf 88' lang='lat'><strong>.</strong></span> <span class='ocrx_word' id='word_1_292' title='bbox 1306 2690 1315 2706; x_wconf 89' lang='lat'><strong>.</strong></span> <span class='ocrx_word' id='word_1_293' title='bbox 1334 2662 1416 2720; x_wconf 77' lang='lat' dir='ltr'><strong>neget</strong></span> <span class='ocrx_word' id='word_1_294' title='bbox 1435 2670 1494 2708; x_wconf 84' lang='lat' dir='ltr'><strong>sese</strong></span> 
     </span>
     <span class='ocr_line' id='line_1_58' title="bbox 993 2743 1495 2809; baseline 0.01 -18"><span class='ocrx_word' id='word_1_295' title='bbox 993 2744 1086 2808; x_wconf 75' lang='lat' dir='ltr'><strong>«apud</strong></span> <span class='ocrx_word' id='word_1_296' title='bbox 1107 2743 1308 2795; x_wconf 74' lang='lat' dir='ltr'><strong>Artemidorum</strong></span> <span class='ocrx_word' id='word_1_297' title='bbox 1324 2752 1495 2809; x_wconf 71' lang='lat' dir='ltr'><strong>recuperato·</strong></span> 
     </span>
     <span class='ocr_line' id='line_1_59' title="bbox 994 2833 1491 2894; baseline 0.008 -13"><span class='ocrx_word' id='word_1_298' title='bbox 994 2845 1074 2883; x_wconf 79' lang='lat' dir='ltr'><strong>«rem</strong></span> <span class='ocrx_word' id='word_1_299' title='bbox 1087 2833 1202 2884; x_wconf 89' lang='lat' dir='ltr'><strong>uerbum</strong></span> <span class='ocrx_word' id='word_1_300' title='bbox 1215 2847 1275 2884; x_wconf 88' lang='lat' dir='ltr'><strong>esso</strong></span> <span class='ocrx_word' id='word_1_301' title='bbox 1287 2833 1437 2894; x_wconf 69' lang='lat' dir='ltr'><strong>sucturum</strong></span> <span class='ocrx_word' id='word_1_302' title='bbox 1447 2870 1455 2886; x_wconf 83' lang='lat'><strong>.</strong></span> <span class='ocrx_word' id='word_1_303' title='bbox 1467 2868 1491 2886; x_wconf 90' lang='lat'><strong>..</strong></span> 
     </span>
     <span class='ocr_line' id='line_1_60' title="bbox 993 2919 1494 2984; baseline 0.012 -18"><span class='ocrx_word' id='word_1_304' title='bbox 993 2919 1135 2984; x_wconf 80' lang='lat' dir='ltr'><strong>«postulat</strong></span> <span class='ocrx_word' id='word_1_305' title='bbox 1151 2921 1253 2983; x_wconf 85' lang='lat' dir='ltr'><strong>abste,</strong></span> <span class='ocrx_word' id='word_1_306' title='bbox 1272 2928 1303 2972; x_wconf 86' lang='lat' dir='ltr'><strong>ul</strong></span> <span class='ocrx_word' id='word_1_307' title='bbox 1318 2923 1426 2973; x_wconf 77' lang='lat' dir='ltr'><strong>Romam</strong></span> <span class='ocrx_word' id='word_1_308' title='bbox 1440 2936 1494 2972; x_wconf 90' lang='lat' dir='ltr'><strong>rem</strong></span> 
     </span>
     <span class='ocr_line' id='line_1_61' title="bbox 993 3009 1493 3076; baseline 0.006 -18"><span class='ocrx_word' id='word_1_309' title='bbox 993 3009 1138 3058; x_wconf 84' lang='lat' dir='ltr'><strong>«reiieias.</strong></span> <span class='ocrx_word' id='word_1_310' title='bbox 1160 3042 1167 3057; x_wconf 82' lang='lat'><strong>.</strong></span> <span class='ocrx_word' id='word_1_311' title='bbox 1189 3046 1195 3060; x_wconf 89' lang='lat'><strong>.</strong></span> <span class='ocrx_word' id='word_1_312' title='bbox 1217 3010 1305 3076; x_wconf 73' lang='lat' dir='ltr'><strong>Negas</strong></span> <span class='ocrx_word' id='word_1_313' title='bbox 1330 3016 1355 3062; x_wconf 90' lang='lat' dir='ltr'><strong>te</strong></span> <span class='ocrx_word' id='word_1_314' title='bbox 1380 3011 1493 3062; x_wconf 77' lang='lat' dir='ltr'><strong>Remum</strong></span> 
     </span>
     <span class='ocr_line' id='line_1_62' title="bbox 994 3098 1493 3162; baseline 0.008 -17"><span class='ocrx_word' id='word_1_315' title='bbox 994 3098 1191 3159; x_wconf 79' lang='lat' dir='ltr'><strong>«reiecturum,</strong></span> <span class='ocrx_word' id='word_1_316' title='bbox 1211 3111 1296 3162; x_wconf 72' lang='lat' dir='ltr'><strong>neges</strong></span> <span class='ocrx_word' id='word_1_317' title='bbox 1309 3101 1343 3150; x_wconf 85' lang='lat' dir='ltr'><strong>de</strong></span> <span class='ocrx_word' id='word_1_318' title='bbox 1356 3106 1493 3151; x_wconf 86' lang='lat' dir='ltr'><strong>conuentu</strong></span> 
     </span>
     <span class='ocr_line' id='line_1_63' title="bbox 996 3187 1494 3249; baseline 0.012 -16"><span class='ocrx_word' id='word_1_319' title='bbox 996 3192 1218 3249; x_wconf 74' lang='lat' dir='ltr'><strong>«recuperatores</strong></span> <span class='ocrx_word' id='word_1_320' title='bbox 1238 3187 1378 3249; x_wconf 72' lang='lat' dir='ltr'><strong>diturum:</strong></span> <span class='ocrx_word' id='word_1_321' title='bbox 1398 3188 1494 3239; x_wconf 89' lang='lat' dir='ltr'><strong>cobor-</strong></span> 
     </span>
     <span class='ocr_line' id='line_1_64' title="bbox 994 3276 1494 3341; baseline 0.008 -18"><span class='ocrx_word' id='word_1_322' title='bbox 994 3280 1070 3325; x_wconf 82' lang='lat' dir='ltr'><strong>stem</strong></span> <span class='ocrx_word' id='word_1_323' title='bbox 1090 3281 1163 3325; x_wconf 82' lang='lat' dir='ltr'><strong>tuem</strong></span> <span class='ocrx_word' id='word_1_324' title='bbox 1183 3277 1319 3341; x_wconf 87' lang='lat' dir='ltr'><strong>proponis.</strong></span> <span class='ocrx_word' id='word_1_325' title='bbox 1346 3276 1494 3328; x_wconf 82' lang='lat' dir='ltr'><strong>Scandilius</strong></span> 
     </span>
     <span class='ocr_line' id='line_1_65' title="bbox 994 3366 1492 3416; baseline 0.012 -6"><span class='ocrx_word' id='word_1_326' title='bbox 994 3377 1071 3414; x_wconf 78' lang='lat' dir='ltr'><strong>erem</strong></span> <span class='ocrx_word' id='word_1_327' title='bbox 1092 3376 1119 3414; x_wconf 83' lang='lat' dir='ltr'><strong>te</strong></span> <span class='ocrx_word' id='word_1_328' title='bbox 1145 3371 1230 3415; x_wconf 89' lang='lat' dir='ltr'><strong>totam</strong></span> <span class='ocrx_word' id='word_1_329' title='bbox 1256 3367 1408 3416; x_wconf 85' lang='lat' dir='ltr'><strong>relicturum</strong></span> <span class='ocrx_word' id='word_1_330' title='bbox 1430 3366 1492 3416; x_wconf 84' lang='lat' dir='ltr'><strong>dicit</strong></span> 
     </span>
     <span class='ocr_line' id='line_1_66' title="bbox 994 3455 1495 3518; baseline 0 -18"><span class='ocrx_word' id='word_1_331' title='bbox 994 3455 1495 3518; x_wconf 81' lang='lat' dir='ltr'><strong>setsuotemporeeseereditumem....</strong></span> 
     </span>
     <span class='ocr_line' id='line_1_67' title="bbox 993 3542 1493 3607; baseline 0.002 -16"><span class='ocrx_word' id='word_1_332' title='bbox 993 3543 1079 3605; x_wconf 79' lang='lat' dir='ltr'><strong>«quid</strong></span> <span class='ocrx_word' id='word_1_333' title='bbox 1093 3542 1180 3594; x_wconf 79' lang='lat' dir='ltr'><strong>incisi</strong></span> <span class='ocrx_word' id='word_1_334' title='bbox 1197 3543 1359 3594; x_wconf 88' lang='lat' dir='ltr'><strong>Scandilium</strong></span> <span class='ocrx_word' id='word_1_335' title='bbox 1373 3543 1444 3607; x_wconf 83' lang='lat' dir='ltr'><strong>cupis</strong></span> <span class='ocrx_word' id='word_1_336' title='bbox 1460 3563 1493 3576; x_wconf 93' lang='lat'><em>-</em></span> 
     </span>
     <span class='ocr_line' id='line_1_68' title="bbox 992 3631 1492 3696; baseline 0 -17"><span class='ocrx_word' id='word_1_337' title='bbox 992 3631 1099 3694; x_wconf 73' lang='lat' dir='ltr'><strong>«ouidi</strong></span> <span class='ocrx_word' id='word_1_338' title='bbox 1116 3634 1279 3696; x_wconf 89' lang='lat' dir='ltr'><strong>sponsionem</strong></span> <span class='ocrx_word' id='word_1_339' title='bbox 1298 3637 1431 3694; x_wconf 86' lang='lat' dir='ltr'><strong>acceptam</strong></span> <span class='ocrx_word' id='word_1_340' title='bbox 1451 3631 1492 3695; x_wconf 72' lang='lat' dir='ltr'><strong>sn·</strong></span> 
     </span>
     <span class='ocr_line' id='line_1_69' title="bbox 990 3719 1492 3785; baseline 0 -17"><span class='ocrx_word' id='word_1_341' title='bbox 990 3720 1088 3770; x_wconf 77' lang='lat' dir='ltr'><strong>«cerei</strong></span> <span class='ocrx_word' id='word_1_342' title='bbox 1115 3720 1286 3785; x_wconf 87' lang='lat' dir='ltr'><strong>impudenter</strong></span> <span class='ocrx_word' id='word_1_343' title='bbox 1307 3719 1378 3770; x_wconf 86' lang='lat' dir='ltr'><strong>tultis</strong></span> <span class='ocrx_word' id='word_1_344' title='bbox 1400 3732 1492 3783; x_wconf 82' lang='lat' dir='ltr'><strong>erupe-</strong></span> 
     </span>
     <span class='ocr_line' id='line_1_70' title="bbox 992 3808 1492 3860; baseline 0.006 -7"><span class='ocrx_word' id='word_1_345' title='bbox 992 3814 1112 3857; x_wconf 84' lang='lat' dir='ltr'><strong>uctulum</strong></span> <span class='ocrx_word' id='word_1_346' title='bbox 1131 3809 1336 3860; x_wconf 75' lang='lat' dir='ltr'><strong>existimationis</strong></span> <span class='ocrx_word' id='word_1_347' title='bbox 1350 3813 1411 3858; x_wconf 80' lang='lat' dir='ltr'><strong>tune</strong></span> <span class='ocrx_word' id='word_1_348' title='bbox 1425 3808 1492 3857; x_wconf 87' lang='lat' dir='ltr'><strong>iudi·</strong></span> 
     </span>
     <span class='ocr_line' id='line_1_71' title="bbox 992 3895 1492 3960; baseline 0.004 -19"><span class='ocrx_word' id='word_1_349' title='bbox 992 3896 1100 3947; x_wconf 74' lang='lat' dir='ltr'><strong>ocium?</strong></span> <span class='ocrx_word' id='word_1_350' title='bbox 1113 3911 1167 3946; x_wconf 92' lang='lat' dir='ltr'><strong>non</strong></span> <span class='ocrx_word' id='word_1_351' title='bbox 1176 3895 1253 3946; x_wconf 71' lang='lat' dir='ltr'><strong>iacis.</strong></span> <span class='ocrx_word' id='word_1_352' title='bbox 1267 3934 1273 3948; x_wconf 88' lang='lat'>.</span> <span class='ocrx_word' id='word_1_353' title='bbox 1287 3932 1294 3947; x_wconf 88' lang='lat'><strong>.</strong></span> <span class='ocrx_word' id='word_1_354' title='bbox 1308 3934 1315 3948; x_wconf 85' lang='lat'><strong>.</strong></span> <span class='ocrx_word' id='word_1_355' title='bbox 1329 3897 1399 3960; x_wconf 85' lang='lat' dir='ltr'><strong>Quid</strong></span> <span class='ocrx_word' id='word_1_356' title='bbox 1412 3895 1492 3958; x_wconf 72' lang='lat' dir='ltr'><strong>ergo?</strong></span> 
     </span>
     <span class='ocr_line' id='line_1_72' title="bbox 991 3983 1493 4050; baseline 0.008 -21"><span class='ocrx_word' id='word_1_357' title='bbox 991 3986 1080 4049; x_wconf 76' lang='lat' dir='ltr'><strong>«capit</strong></span> <span class='ocrx_word' id='word_1_358' title='bbox 1092 4021 1098 4034; x_wconf 91' lang='lat'><strong>.</strong></span> <span class='ocrx_word' id='word_1_359' title='bbox 1112 4017 1118 4031; x_wconf 86' lang='lat'><strong>.</strong></span> <span class='ocrx_word' id='word_1_360' title='bbox 1132 4021 1138 4034; x_wconf 91' lang='lat'><strong>.</strong></span> <span class='ocrx_word' id='word_1_361' title='bbox 1154 3984 1313 4034; x_wconf 85' lang='lat' dir='ltr'><strong>Scandilium</strong></span> <span class='ocrx_word' id='word_1_362' title='bbox 1322 3987 1432 4050; x_wconf 77' lang='lat' dir='ltr'><strong>quinque</strong></span> <span class='ocrx_word' id='word_1_363' title='bbox 1443 3983 1493 4033; x_wconf 87' lang='lat' dir='ltr'><strong>illa</strong></span> 
     </span>
     <span class='ocr_line' id='line_1_73' title="bbox 993 4072 1492 4135; baseline 0.002 -16"><span class='ocrx_word' id='word_1_364' title='bbox 993 4072 1088 4122; x_wconf 82' lang='lat' dir='ltr'><strong>nmilia</strong></span> <span class='ocrx_word' id='word_1_365' title='bbox 1108 4087 1240 4123; x_wconf 85' lang='lat' dir='ltr'><strong>nummum</strong></span> <span class='ocrx_word' id='word_1_366' title='bbox 1259 4075 1324 4124; x_wconf 91' lang='lat' dir='ltr'><strong>dare</strong></span> <span class='ocrx_word' id='word_1_367' title='bbox 1344 4079 1425 4135; x_wconf 77' lang='lat' dir='ltr'><strong>alque</strong></span> <span class='ocrx_word' id='word_1_368' title='bbox 1445 4072 1492 4121; x_wconf 87' lang='lat' dir='ltr'><strong>ad·</strong></span> 
     </span>
     <span class='ocr_line' id='line_1_74' title="bbox 993 4160 1489 4225; baseline 0.004 -19"><span class='ocrx_word' id='word_1_369' title='bbox 993 4173 1150 4212; x_wconf 71' lang='lat' dir='ltr'><strong>inumerare</strong></span> <span class='ocrx_word' id='word_1_370' title='bbox 1170 4160 1315 4225; x_wconf 74' lang='lat' dir='ltr'><strong>Apronio.»</strong></span> <span class='ocrx_word' id='word_1_371' title='bbox 1360 4161 1419 4211; x_wconf 83' lang='lat' dir='ltr'><strong>flou</strong></span> <span class='ocrx_word' id='word_1_372' title='bbox 1439 4164 1489 4220; x_wconf 84' lang='lat' dir='ltr'><strong>eut,</strong></span> 
     </span>
     <span class='ocr_line' id='line_1_75' title="bbox 991 4247 1491 4312; baseline 0 -15"><span class='ocrx_word' id='word_1_373' title='bbox 991 4247 1104 4311; x_wconf 88' lang='lat' dir='ltr'><strong>opinor,</strong></span> <span class='ocrx_word' id='word_1_374' title='bbox 1132 4251 1341 4312; x_wconf 86' lang='lat' dir='ltr'><strong>restipulationis</strong></span> <span class='ocrx_word' id='word_1_375' title='bbox 1363 4261 1491 4299; x_wconf 87' lang='lat' dir='ltr'><strong>summum</strong></span> 
     </span>
     <span class='ocr_line' id='line_1_76' title="bbox 991 4335 1490 4400; baseline 0 -14"><span class='ocrx_word' id='word_1_376' title='bbox 991 4335 1152 4387; x_wconf 87' lang='lat' dir='ltr'><strong>Scandilium</strong></span> <span class='ocrx_word' id='word_1_377' title='bbox 1167 4339 1330 4389; x_wconf 76' lang='lat' dir='ltr'><strong>condemnat.</strong></span> <span class='ocrx_word' id='word_1_378' title='bbox 1354 4363 1383 4375; x_wconf 91' lang='lat'><em>-</em></span> <span class='ocrx_word' id='word_1_379' title='bbox 1403 4338 1490 4400; x_wconf 83' lang='lat' dir='ltr'><strong>Quem</strong></span> 
     </span>
    </p>
   </div>
   <div class='ocr_carea' id='block_1_8' title="bbox 0 0 1714 5280">
    <p class='ocr_par' dir='ltr' id='par_1_9' title="bbox 0 0 1714 5280">
     <span class='ocr_line' id='line_1_77' title="bbox 0 0 1714 5280; baseline 0 1"><span class='ocrx_word' id='word_1_380' title='bbox 0 0 1714 5280; x_wconf 95' lang='lat' dir='ltr'><strong> </strong></span> 
     </span>
    </p>
   </div>
  </div>
 </body>
</html>
