3352 5276
697 1237 732 1324 §.
756 1239 791 1307 9.

388 1435 554 1522 Defensio
576 1443 613 1505 tn
636 1443 756 1520 partes
779 1439 936 1528 locosque
958 1439 1106 1525 dtqcsto.
1202 1462 1204 1469 ’

275 1612 368 1698 Quae
391 1614 499 1681 adhuc
522 1614 563 1680 de
586 1617 657 1703 iure
680 1633 820 1680 caussae
842 1612 1063 1696 Quinctianae
1086 1615 1275 1700 disputaui.

212 1758 298 1825 mus,
334 1738 434 1801 aliter
467 1736 617 1820 expediri
647 1757 715 1802 non
743 1741 941 1822 potuerunt,
978 1739 1039 1802 nisi
1069 1739 1106 1801 ut
1134 1739 1167 1818 in
1200 1740 1274 1821 ipso

211 1861 283 1923 iure
305 1860 465 1924 communi
487 1852 686 1924 illustrando
715 1862 850 1943 saepius
878 1878 917 1925 ae
943 1858 1066 1923 diutius
1089 1878 1274 1925 commora-

211 1999 329 2045 remur.
372 1977 485 2061 Quare
505 1982 534 2045 si
556 1981 704 2045 fortasse
726 1999 968 2065 nonnumquam
985 1983 1035 2044 ius
1053 1982 1151 2047 ciuile
1167 1984 1275 2071 magis

212 2101 334 2168 docere
367 2121 464 2188 quam
494 2120 648 2181 caussam
686 2102 724 2167 P.
758 2100 905 2184 Quinctii
935 2088 1163 2186 'interpretari
1211 2104 1274 2168 uisi

211 2244 340 2307 sumus,
375 2243 477 2309 spero
505 2226 719 2292 necessitatis
747 2226 866 2290 saltem
894 2227 1145 2291 excusationem
1177 2227 1275 2291 nobis

212 2329 421 2430 profuturam
442 2365 527 2412 esse.

272 2506 437 2593 Reliqua,
473 2506 592 2591 quibus
623 2504 667 2570 od
704 2503 905 2570 fulciendam
941 2502 1087 2594 Quinctii
1121 2523 1274 2571 caussam

210 2623 329 2692 Cicero
351 2644 432 2691 usus
454 2629 526 2712 est,
549 2627 764 2714 argumenta,
792 2643 901 2710 neque
924 2634 965 2691 ea
985 2624 1157 2713 grauitate
1178 2630 1273 2710 sunt,

211 2751 246 2810 ut
277 2749 461 2813 uberiorem
490 2747 624 2836 singula
651 2746 911 2831 disputationem
937 2750 1128 2834 requirant,
1164 2766 1273 2832 neque

210 2867 295 2932 adeo
331 2868 558 2957 negligenda,
594 2872 631 2933 ut
665 2888 803 2954 prorsus
838 2869 972 2934 silentio
1009 2872 1273 2957 praetereantur.

211 2987 305 3071 Quae
333 2993 408 3075 ipsa
435 3010 568 3077 quoque
597 2963 637 3056 si
654 2994 688 3055 in
718 3011 758 3057 eo
793 3010 959 3078 essemus,
996 2994 1033 3056 ut
1059 2995 1118 3056 aut
1145 3011 1273 3056 omnem

210 3112 371 3198 fructum,
407 3131 502 3197 quem
531 3114 612 3176 iuris
637 3115 672 3177 et
693 3113 903 3197 antiquitatis
924 3112 1035 3177 studio
1052 3086 1142 3180 'haec
1164 3115 1272 3179 oratio

211 3233 327 3316 offert,
342 3236 607 3320 perciperemus,
621 3237 679 3299 aut
700 3234 885 3318 perfectam
901 3235 1153 3320 absolutamque
1168 3237 1273 3300 totius

210 3356 371 3420 orationis
392 3356 711 3438 interpretationem
726 3359 992 3441 praestaremus,
1014 3373 1167 3445 magnam
1189 3376 1271 3441 par-

210 3482 274 3542 tem
298 3475 400 3567 digna
422 3477 552 3563 forent,
575 3494 660 3561 quae
682 3469 807 3542 summa
829 3494 902 3542 oum
920 3493 1002 3542 eura
1016 3478 1051 3541 et
1066 3481 1272 3543 excuteren-

209 3602 264 3662 tur
286 3601 320 3663 et
341 3599 600 3663 illustrarentur.
751 3646 753 3650 Α
955 3602 959 3608 ’
1087 3579 1091 3583 ’

271 3720 369 3785 Nunc
398 3739 463 3805 quo
493 3739 606 3784 sumus
633 3688 825 3802 proposito,
858 3721 951 3783 iuuat
980 3717 1063 3784 haec
1088 3719 1270 3783 summatim

209 3844 309 3925 atque
328 3844 416 3906 inter
437 3845 572 3907 caetera
591 3841 812 3926 perlustrare,
835 3837 913 3923 quid
933 3838 977 3905 ad
992 3859 1145 3906 caussam
1160 3839 1269 3926 quod-

207 3980 273 4045 que
305 3962 416 4027 ualeat
445 3967 479 4029 et
508 3983 572 4049 quo
603 3962 790 4048 referatur,
824 3980 886 4046 per
911 3962 1052 4028 indicem
1079 3981 1268 4046 exponere,

209 4080 350 4165 denique
372 4101 393 4147 a
414 4086 618 4171 singularum
651 4085 914 4169 selectarumque
945 4103 1052 4149 rerum
1080 4086 1267 4168 copiosiore

209 4205 367 4286 tractatu,
388 4205 422 4266 in
444 4223 509 4289 quo
531 4212 632 4272 antea
653 4207 778 4272 uersati
800 4225 922 4289 sumus,
945 4207 987 4271 od
1010 4208 1187 4279 uniuersae
1205 4204 1267 4269 de-

210 4326 371 4389 tensionis
393 4324 529 4389 formam
552 4306 651 4411 atque
680 4310 854 4417 imaginem
877 4330 1016 4392 animum
1039 4304 1247 4393 conuertere.
