3420 5280
449 524 487 601 s.
515 514 548 588 1.
601 512 744 588 Iudicii
768 517 874 614 ortuo
899 522 936 588 et
960 523 1115 589 noioro.
1269 516 1309 578 35

1692 336 1694 467 i

1693 624 1695 781 i

307 704 379 769 Iam
400 702 562 768 eiusmodi
584 705 772 790 principiis,
794 704 854 768 tali
868 705 1060 791 proposito,
1082 704 1160 790 quid
1175 707 1309 786 mirum,
1328 699 1476 809 ,f’g'gffi

189 897 192 901 ,
245 823 466 907 Quinctianae
488 823 594 910 huno,
621 844 716 910 quem
738 823 820 891 dicit
842 825 1099 906 nobilissimum,
1123 828 1231 893 locum
1252 830 1310 894 uel
1328 816 1427 864 ⁰⁰⁵⁵⁹¹³⁰·
1449 840 1455 848 '

244 948 382 1031 primum
415 947 463 1012 ita
500 945 726 1035 pessumdari,
761 949 799 1011 ut
830 948 1016 1033 statuatur,
1053 952 1309 1035 «irtteruretum
1695 960 1696 1021 i

310 1086 464 1158 «onore,
487 1072 545 1158 qui
565 1068 805 1154 stipulationis
825 1066 1016 1154 formulam
1037 1088 1154 1135 uusse
1179 1075 1214 1135 et
1246 1071 1309 1137 ob·
1694 1028 1696 1089 ἱ

310 1207 435 1255 «soure
456 1189 709 1278 inteiliqereut,
735 1186 872 1273 fuctum
893 1209 984 1279 esse,
1012 1195 1053 1256 ut
1074 1195 1311 1257 inueteroturn

253 1372 256 1379 ⁴
311 1315 461 1377 «rodium
475 1310 659 1376 uerborum
672 1330 742 1378 nort
758 1311 872 1377 solum
885 1330 956 1377 aori
971 1311 1226 1402 emendaretur,
1248 1314 1311 1378 sed

310 1409 436 1499 «itouis
457 1437 583 1498 rroeuts
597 1433 889 1520 interpolaretur,
905 1478 914 1496 .
929 1479 938 1497 .
952 1405 1203 1518 {mordfestum
1218 1439 1310 1499 euim

241 1594 243 1601 ·
310 1572 419 1645 «esse,
442 1554 602 1644 quiequid
617 1554 1068 1620 contradicunt-doctissimi
1089 1558 1310 1644 caeteroquin

267 1710 270 1716 ι
311 1679 563 1762 «interpretes,
584 1693 706 1740 uerum
726 1674 908 1740 lectionem
932 1675 1044 1740 solum
1062 1693 1137 1741 esse
1158 1673 1250 1740 horre
1270 1673 1311 1741 Sr

312 1816 428 1861 «noun
443 1843 452 1861 .
468 1842 476 1860 .
492 1845 500 1859 .
517 1815 678 1861 possessa
698 1815 830 1861 essens.
866 1794 1041 1882 Neqoutis
1062 1778 1167 1881 euim,
1187 1797 1311 1881 inquit,
1366 1804 1372 1814 ’

311 1917 398 1983 «iiio
420 1923 558 2005 sporosio
574 1922 636 1983 est.
659 1916 776 2000 Quare
789 1921 826 1982 iu
846 1937 873 1983 o.
888 1915 940 1980 2⁷.
955 1937 978 1982 a
993 1917 1198 2006 quibusdum
1212 1918 1310 1984 libris

310 2043 429 2103 «reete
451 2038 551 2106 obest
570 2039 750 2123 partireris
770 2039 846 2105 Non
867 2043 906 2105 iu
934 2043 1086 2123 repetito
1113 2043 1310 2125 sponsionis

311 2158 517 2245 «fomute»
548 2154 646 2242 Quod
667 2162 781 2227 neseio
803 2161 859 2225 ubi
884 2161 1015 2249 legerit.

309 2319 382 2386 Heo
405 2338 485 2384 uero
514 2317 629 2385 Rostii
659 2318 813 2386 doctrina
841 2318 990 2385 Beierus
1018 2318 1103 2385 adeo
1133 2318 1243 2404 decipi
1272 2339 1309 2385 se

246 2459 367 2526 passus
382 2437 499 2527 est⁴¹),
521 2445 558 2505 ut
580 2443 678 2505 etiam
694 2440 736 2505 A.
751 2436 1054 2513 CIOIOCCCXXI.
1077 2432 1184 2519 (satis
1199 2445 1309 2505 tamen

245 2561 428 2649 diuulgatis
445 2558 530 2627 dou
545 2551 837 2641 Institutionibus)
855 2580 928 2627 oum
943 2559 1206 2625 emendationem
1221 2562 1309 2626 iliam

246 2686 314 2745 tum
330 2684 465 2747 caetera
481 2682 589 2746 omnio
603 2660 777 2765 probaret,
795 2681 898 2745 multa
912 2683 1010 2746 etiam
1025 2682 1058 2744 in
1074 2681 1310 2748 adnotationes

247 2820 326 2867 suas
336 2782 546 2885 transferret,
560 2803 715 2891 iliumque
728 2803 873 2868 libellum
885 2803 935 2869 sio
949 2801 1104 2869 laudibus
1115 2803 1308 2884 extolleret.

314 2922 419 2989 «Hae
435 2943 551 2991 omnes
563 2896 821 2991 obseruationes
833 2929 1129 3015 exquisitissimae
1140 2925 1309 2993 debentur

313 3045 509 3133 «siriyulori
544 3046 733 3111 eruditioni
767 3044 811 3112 1⁴⁷.
838 3042 883 3115 G.
910 3044 956 3111 Ε.
983 3046 1118 3138 Roetti,
1157 3048 1308 3134 colleoae

301 3195 325 3226 n
339 3171 459 3256 nostri,
482 3186 500 3231 e
518 3172 616 3233 euius
630 3166 887 3252 eleoorotissimo
902 3173 1159 3256 proqrommote
1174 3173 1308 3235 esteris

314 3317 326 3351 o
338 3286 574 3373 qrotificoturi
606 3286 693 3355 looee
725 3289 965 3357 delibauimus.
1018 3268 1133 3373 Qrtom
1165 3288 1307 3370 confuse

313 3407 430 3475 «horto
450 3427 524 3473 reue
545 3415 748 3476 troeturuut
768 3407 855 3477 olii!
865 3422 878 3453 ³

309 3568 396 3635 Noui
418 3568 499 3634 nihil
520 3571 668 3653 memini,
684 3565 748 3635 'me
772 3569 862 3656 apud
883 3570 1037 3636 Beierum
1050 3571 1225 3653 inuenire,
1255 3570 1307 3638 oui

250 3686 400 3757 Oreitius
422 3694 538 3755 noster
558 3710 667 3776 neque
689 3691 828 3758 eredere
856 3690 987 3773 debuit,
1017 3710 1126 3777 neque
1154 3693 1308 3759 lectionis

248 3814 333 3877 scite
355 3811 545 3878 uindicatae
566 3811 697 3877 laudem
718 3814 875 3878 tribuere.

311 3933 487 4000 Caeterum
509 3952 645 4018 prauam
665 3935 753 3999 iliam
775 3936 963 4018 lectionem,
983 3955 1005 4001 a
1024 3934 1203 4004 Lemairio
1222 3957 1307 4024 quo-

250 4071 313 4138 que
332 4057 513 4140 receptam,
534 4050 716 4141 Ostortder,
738 4054 955 4124 Germanicus
971 4058 1148 4147 interpres,
1169 4062 1307 4126 secutus

283 4355 329 4416 ii)
348 4358 381 4407 ad
400 4357 451 4409 ΙΙΙ.
472 4359 504 4408 de
523 4359 625 4412 officiis
644 4364 687 4414 is.
