<?xml version="1.0" encoding="UTF-8"?>
<!DOCTYPE html PUBLIC "-//W3C//DTD XHTML 1.0 Transitional//EN"
    "http://www.w3.org/TR/xhtml1/DTD/xhtml1-transitional.dtd">
<html xmlns="http://www.w3.org/1999/xhtml" xml:lang="en" lang="en">
 <head>
  <title>
</title>
<meta http-equiv="Content-Type" content="text/html;charset=utf-8" />
  <meta name='ocr-system' content='tesseract 3.04.00' />
  <meta name='ocr-capabilities' content='ocr_page ocr_carea ocr_par ocr_line ocrx_word'/>
</head>
<body>
  <div class='ocr_page' id='page_1' title='image "./semestriumadmtu01kellgoog_0178.png"; bbox 0 0 3352 5276; ppageno 0'>
   <div class='ocr_carea' id='block_1_1' title="bbox 193 438 1257 594">
    <p class='ocr_par' dir='ltr' id='par_1_1' title="bbox 193 438 1257 594">
     <span class='ocr_line' id='line_1_1' title="bbox 193 438 1257 594; baseline -0.011 -17"><span class='ocrx_word' id='word_1_1' title='bbox 193 514 230 590; x_wconf 79' lang='lat' dir='ltr'><strong>s.</strong></span> <span class='ocrx_word' id='word_1_2' title='bbox 248 504 289 576; x_wconf 85' lang='grc'><strong>8.</strong></span> <span class='ocrx_word' id='word_1_3' title='bbox 316 498 375 571; x_wconf 82' lang='grc' dir='ltr'><strong>Α·.</strong></span> <span class='ocrx_word' id='word_1_4' title='bbox 395 496 459 585; x_wconf 84' lang='lat' dir='ltr'><strong>Q·.</strong></span> <span class='ocrx_word' id='word_1_5' title='bbox 478 496 668 570; x_wconf 77' lang='lat' dir='ltr'><strong>absentem</strong></span> <span class='ocrx_word' id='word_1_6' title='bbox 684 504 786 570; x_wconf 84' lang='lat' dir='ltr'><strong>reete</strong></span> <span class='ocrx_word' id='word_1_7' title='bbox 804 438 1014 594; x_wconf 81' lang='lat' dir='ltr'><strong>defenderit</strong></span> <span class='ocrx_word' id='word_1_8' title='bbox 1030 517 1156 568; x_wconf 82' lang='lat' dir='ltr'><strong>aecae.</strong></span> <span class='ocrx_word' id='word_1_9' title='bbox 1197 493 1257 555; x_wconf 81' lang='lat'><strong>159</strong></span> 
     </span>
    </p>
   </div>
   <div class='ocr_carea' id='block_1_2' title="bbox 193 683 1416 2230">
    <p class='ocr_par' dir='ltr' id='par_1_2' title="bbox 193 683 1416 1015">
     <span class='ocr_line' id='line_1_2' title="bbox 193 683 1416 798; baseline -0.005 -45"><span class='ocrx_word' id='word_1_10' title='bbox 193 693 370 778; x_wconf 78' lang='lat' dir='ltr'><strong>gistratum</strong></span> <span class='ocrx_word' id='word_1_11' title='bbox 400 687 517 767; x_wconf 86' lang='lat' dir='ltr'><strong>decet,</strong></span> <span class='ocrx_word' id='word_1_12' title='bbox 549 689 596 749; x_wconf 89' lang='lat' dir='ltr'><strong>ita</strong></span> <span class='ocrx_word' id='word_1_13' title='bbox 625 685 809 750; x_wconf 88' lang='lat' dir='ltr'><strong>Burrienus</strong></span> <span class='ocrx_word' id='word_1_14' title='bbox 836 685 981 750; x_wconf 76' lang='lat' dir='ltr'><strong>Praetor</strong></span> <span class='ocrx_word' id='word_1_15' title='bbox 1012 683 1172 750; x_wconf 86' lang='lat' dir='ltr'><strong>audaciae</strong></span> <span class='ocrx_word' id='word_1_16' title='bbox 1194 684 1259 748; x_wconf 87' lang='lat' dir='ltr'><strong>ob·</strong></span> <span class='ocrx_word' id='word_1_17' title='bbox 1277 688 1416 798; x_wconf 40' lang='lat' dir='ltr'><strong>,iffi-³⁸3</strong></span> 
     </span>
     <span class='ocr_line' id='line_1_3' title="bbox 194 803 1358 901; baseline -0.006 -26"><span class='ocrx_word' id='word_1_18' title='bbox 194 812 351 896; x_wconf 79' lang='lat' dir='ltr'><strong>sistebat,</strong></span> <span class='ocrx_word' id='word_1_19' title='bbox 380 827 488 892; x_wconf 86' lang='lat' dir='ltr'><strong>neque</strong></span> <span class='ocrx_word' id='word_1_20' title='bbox 511 807 553 901; x_wconf 89' lang='lat' dir='ltr'><strong>de</strong></span> <span class='ocrx_word' id='word_1_21' title='bbox 575 811 666 871; x_wconf 87' lang='lat' dir='ltr'><strong>statu</strong></span> <span class='ocrx_word' id='word_1_22' title='bbox 690 806 860 872; x_wconf 80' lang='lat' dir='ltr'><strong>deturbari</strong></span> <span class='ocrx_word' id='word_1_23' title='bbox 882 825 920 871; x_wconf 92' lang='lat' dir='ltr'><strong>se</strong></span> <span class='ocrx_word' id='word_1_24' title='bbox 942 809 1090 890; x_wconf 86' lang='lat' dir='ltr'><strong>sinebat,</strong></span> <span class='ocrx_word' id='word_1_25' title='bbox 1118 803 1260 889; x_wconf 92' lang='lat' dir='ltr'><strong>perditis</strong></span> <span class='ocrx_word' id='word_1_26' title='bbox 1277 804 1358 854; x_wconf 63' lang='lat' dir='ltr'><strong>pana</strong></span> 
     </span>
     <span class='ocr_line' id='line_1_4' title="bbox 196 927 1260 1015; baseline -0.006 -18"><span class='ocrx_word' id='word_1_27' title='bbox 196 933 346 997; x_wconf 89' lang='lat' dir='ltr'><strong>omnibus</strong></span> <span class='ocrx_word' id='word_1_28' title='bbox 367 932 468 996; x_wconf 90' lang='lat' dir='ltr'><strong>rebus</strong></span> <span class='ocrx_word' id='word_1_29' title='bbox 485 929 528 994; x_wconf 90' lang='lat' dir='ltr'><strong>ad</strong></span> <span class='ocrx_word' id='word_1_30' title='bbox 543 931 698 994; x_wconf 84' lang='lat' dir='ltr'><strong>auxilium</strong></span> <span class='ocrx_word' id='word_1_31' title='bbox 715 930 921 993; x_wconf 81' lang='lat' dir='ltr'><strong>tribunorum</strong></span> <span class='ocrx_word' id='word_1_32' title='bbox 939 927 1073 992; x_wconf 90' lang='lat' dir='ltr'><strong>tandem</strong></span> <span class='ocrx_word' id='word_1_33' title='bbox 1089 928 1260 1015; x_wconf 78' lang='lat' dir='ltr'><strong>confugit:</strong></span> 
     </span>
    </p>

    <p class='ocr_par' dir='ltr' id='par_1_3' title="bbox 193 1049 1262 2106">
     <span class='ocr_line' id='line_1_5' title="bbox 195 1049 1259 1137; baseline -0.006 -20"><span class='ocrx_word' id='word_1_34' title='bbox 195 1072 261 1117; x_wconf 89' lang='lat' dir='ltr'><strong>nou</strong></span> <span class='ocrx_word' id='word_1_35' title='bbox 296 1072 361 1137; x_wconf 85' lang='lat' dir='ltr'><strong>quo</strong></span> <span class='ocrx_word' id='word_1_36' title='bbox 395 1070 514 1115; x_wconf 90' lang='lat' dir='ltr'><strong>nouum</strong></span> <span class='ocrx_word' id='word_1_37' title='bbox 543 1052 607 1116; x_wconf 88' lang='lat' dir='ltr'><strong>sibi</strong></span> <span class='ocrx_word' id='word_1_38' title='bbox 635 1049 676 1114; x_wconf 94' lang='lat' dir='ltr'><strong>de</strong></span> <span class='ocrx_word' id='word_1_39' title='bbox 706 1049 927 1114; x_wconf 83' lang='lat' dir='ltr'><strong>satisdatione</strong></span> <span class='ocrx_word' id='word_1_40' title='bbox 954 1053 1007 1113; x_wconf 89' lang='lat' dir='ltr'><strong>tus</strong></span> <span class='ocrx_word' id='word_1_41' title='bbox 1038 1050 1259 1130; x_wconf 82' lang='lat' dir='ltr'><strong>statueretur,</strong></span> 
     </span>
     <span class='ocr_line' id='line_1_6' title="bbox 194 1168 1260 1259; baseline -0.004 -20"><span class='ocrx_word' id='word_1_42' title='bbox 194 1174 411 1239; x_wconf 84' lang='lat' dir='ltr'><strong>Praetorisue</strong></span> <span class='ocrx_word' id='word_1_43' title='bbox 433 1173 475 1238; x_wconf 93' lang='lat' dir='ltr'><strong>de</strong></span> <span class='ocrx_word' id='word_1_44' title='bbox 505 1191 544 1238; x_wconf 92' lang='lat' dir='ltr'><strong>ea</strong></span> <span class='ocrx_word' id='word_1_45' title='bbox 572 1190 610 1237; x_wconf 92' lang='lat' dir='ltr'><strong>re</strong></span> <span class='ocrx_word' id='word_1_46' title='bbox 640 1171 827 1255; x_wconf 88' lang='lat' dir='ltr'><strong>decretum,</strong></span> <span class='ocrx_word' id='word_1_47' title='bbox 857 1168 997 1236; x_wconf 84' lang='lat' dir='ltr'><strong>omnium</strong></span> <span class='ocrx_word' id='word_1_48' title='bbox 1027 1172 1182 1255; x_wconf 90' lang='lat' dir='ltr'><strong>opinione</strong></span> <span class='ocrx_word' id='word_1_49' title='bbox 1203 1172 1260 1259; x_wconf 84' lang='lat' dir='ltr'><strong>iu-</strong></span> 
     </span>
     <span class='ocr_line' id='line_1_7' title="bbox 194 1268 1259 1383; baseline -0.004 -23"><span class='ocrx_word' id='word_1_50' title='bbox 194 1282 387 1383; x_wconf 88' lang='lat' dir='ltr'><strong>stissimum,</strong></span> <span class='ocrx_word' id='word_1_51' title='bbox 405 1296 646 1380; x_wconf 78' lang='lat' dir='ltr'><strong>corrigeretur,</strong></span> <span class='ocrx_word' id='word_1_52' title='bbox 671 1291 786 1357; x_wconf 88' lang='lat' dir='ltr'><strong>sedeo</strong></span> <span class='ocrx_word' id='word_1_53' title='bbox 803 1268 914 1376; x_wconf 88' lang='lat' dir='ltr'><strong>potius</strong></span> <span class='ocrx_word' id='word_1_54' title='bbox 929 1295 1079 1382; x_wconf 88' lang='lat' dir='ltr'><strong>consilio,</strong></span> <span class='ocrx_word' id='word_1_55' title='bbox 1101 1294 1138 1356; x_wconf 90' lang='lat' dir='ltr'><strong>ut</strong></span> <span class='ocrx_word' id='word_1_56' title='bbox 1153 1294 1259 1376; x_wconf 80' lang='lat' dir='ltr'><strong>ipsam</strong></span> 
     </span>
     <span class='ocr_line' id='line_1_8' title="bbox 193 1413 1261 1500; baseline -0.004 -19"><span class='ocrx_word' id='word_1_57' title='bbox 193 1419 354 1481; x_wconf 91' lang='lat' dir='ltr'><strong>bonorum</strong></span> <span class='ocrx_word' id='word_1_58' title='bbox 379 1417 625 1500; x_wconf 89' lang='lat' dir='ltr'><strong>possessionem</strong></span> <span class='ocrx_word' id='word_1_59' title='bbox 647 1413 954 1498; x_wconf 87' lang='lat' dir='ltr'><strong>uenditionemque,</strong></span> <span class='ocrx_word' id='word_1_60' title='bbox 976 1434 1074 1497; x_wconf 78' lang='lat' dir='ltr'><strong>quiam</strong></span> <span class='ocrx_word' id='word_1_61' title='bbox 1092 1432 1178 1499; x_wconf 86' lang='lat' dir='ltr'><strong>quae</strong></span> <span class='ocrx_word' id='word_1_62' title='bbox 1194 1431 1261 1477; x_wconf 90' lang='lat' dir='ltr'><strong>uua</strong></span> 
     </span>
     <span class='ocr_line' id='line_1_9' title="bbox 194 1526 1262 1619; baseline -0.003 -16"><span class='ocrx_word' id='word_1_63' title='bbox 194 1542 300 1603; x_wconf 86' lang='lat' dir='ltr'><strong>esset</strong></span> <span class='ocrx_word' id='word_1_64' title='bbox 318 1543 414 1603; x_wconf 87' lang='lat' dir='ltr'><strong>recta</strong></span> <span class='ocrx_word' id='word_1_65' title='bbox 444 1540 479 1601; x_wconf 90' lang='lat' dir='ltr'><strong>et</strong></span> <span class='ocrx_word' id='word_1_66' title='bbox 512 1534 655 1600; x_wconf 89' lang='lat' dir='ltr'><strong>honesta</strong></span> <span class='ocrx_word' id='word_1_67' title='bbox 689 1535 761 1600; x_wconf 85' lang='lat' dir='ltr'><strong>eius</strong></span> <span class='ocrx_word' id='word_1_68' title='bbox 794 1526 1013 1619; x_wconf 70' lang='lat' dir='ltr'><strong>depellendae</strong></span> <span class='ocrx_word' id='word_1_69' title='bbox 1041 1537 1145 1619; x_wconf 89' lang='lat' dir='ltr'><strong>ratio,</strong></span> <span class='ocrx_word' id='word_1_70' title='bbox 1173 1537 1262 1601; x_wconf 89' lang='lat' dir='ltr'><strong>iusta</strong></span> 
     </span>
     <span class='ocr_line' id='line_1_10' title="bbox 194 1655 1262 1759; baseline -0.004 -35"><span class='ocrx_word' id='word_1_71' title='bbox 194 1661 324 1724; x_wconf 89' lang='lat' dir='ltr'><strong>seilicet</strong></span> <span class='ocrx_word' id='word_1_72' title='bbox 348 1676 388 1723; x_wconf 90' lang='lat' dir='ltr'><strong>ac</strong></span> <span class='ocrx_word' id='word_1_73' title='bbox 411 1658 511 1741; x_wconf 89' lang='lat' dir='ltr'><strong>plena</strong></span> <span class='ocrx_word' id='word_1_74' title='bbox 534 1656 704 1738; x_wconf 86' lang='lat' dir='ltr'><strong>defensio,</strong></span> <span class='ocrx_word' id='word_1_75' title='bbox 727 1657 789 1721; x_wconf 88' lang='lat' dir='ltr'><strong>sibi</strong></span> <span class='ocrx_word' id='word_1_76' title='bbox 813 1655 1023 1759; x_wconf 75' lang='lat' dir='ltr'><strong>displiceret,</strong></span> <span class='ocrx_word' id='word_1_77' title='bbox 1047 1658 1172 1720; x_wconf 89' lang='lat' dir='ltr'><strong>minore</strong></span> <span class='ocrx_word' id='word_1_78' title='bbox 1187 1676 1262 1720; x_wconf 91' lang='lat' dir='ltr'><strong>mo-</strong></span> 
     </span>
     <span class='ocr_line' id='line_1_11' title="bbox 195 1749 1261 1867; baseline -0.005 -23"><span class='ocrx_word' id='word_1_79' title='bbox 195 1781 296 1844; x_wconf 91' lang='lat' dir='ltr'><strong>lestia</strong></span> <span class='ocrx_word' id='word_1_80' title='bbox 317 1781 375 1842; x_wconf 86' lang='lat' dir='ltr'><strong>aut</strong></span> <span class='ocrx_word' id='word_1_81' title='bbox 398 1797 460 1862; x_wconf 92' lang='lat' dir='ltr'><strong>per</strong></span> <span class='ocrx_word' id='word_1_82' title='bbox 480 1779 662 1867; x_wconf 85' lang='lat' dir='ltr'><strong>gratiosam</strong></span> <span class='ocrx_word' id='word_1_83' title='bbox 678 1749 883 1841; x_wconf 75' lang='lat' dir='ltr'><strong>tribunorum</strong></span> <span class='ocrx_word' id='word_1_84' title='bbox 899 1779 1170 1842; x_wconf 85' lang='lat' dir='ltr'><strong>intercessionem</strong></span> <span class='ocrx_word' id='word_1_85' title='bbox 1186 1777 1261 1841; x_wconf 83' lang='lat' dir='ltr'><strong>iru-</strong></span> 
     </span>
     <span class='ocr_line' id='line_1_12' title="bbox 196 1898 1262 1984; baseline -0.002 -20"><span class='ocrx_word' id='word_1_86' title='bbox 196 1903 322 1964; x_wconf 88' lang='lat' dir='ltr'><strong>straret</strong></span> <span class='ocrx_word' id='word_1_87' title='bbox 355 1904 456 1984; x_wconf 86' lang='lat' dir='ltr'><strong>atque</strong></span> <span class='ocrx_word' id='word_1_88' title='bbox 487 1898 665 1980; x_wconf 82' lang='lat' dir='ltr'><strong>euaderet,</strong></span> <span class='ocrx_word' id='word_1_89' title='bbox 697 1901 772 1983; x_wconf 88' lang='lat' dir='ltr'><strong>aut,</strong></span> <span class='ocrx_word' id='word_1_90' title='bbox 804 1901 833 1962; x_wconf 87' lang='lat' dir='ltr'><strong>si</strong></span> <span class='ocrx_word' id='word_1_91' title='bbox 866 1917 980 1984; x_wconf 88' lang='lat' dir='ltr'><strong>parum</strong></span> <span class='ocrx_word' id='word_1_92' title='bbox 1013 1916 1175 1983; x_wconf 85' lang='lat' dir='ltr'><strong>prospere</strong></span> <span class='ocrx_word' id='word_1_93' title='bbox 1205 1916 1262 1963; x_wconf 88' lang='lat' dir='ltr'><strong>res</strong></span> 
     </span>
     <span class='ocr_line' id='line_1_13' title="bbox 195 2019 1261 2106; baseline -0.004 -19"><span class='ocrx_word' id='word_1_94' title='bbox 195 2021 284 2106; x_wconf 88' lang='lat' dir='ltr'><strong>apud</strong></span> <span class='ocrx_word' id='word_1_95' title='bbox 307 2022 460 2086; x_wconf 89' lang='lat' dir='ltr'><strong>tribunos</strong></span> <span class='ocrx_word' id='word_1_96' title='bbox 482 2020 526 2105; x_wconf 86' lang='lat' dir='ltr'><strong>pl.</strong></span> <span class='ocrx_word' id='word_1_97' title='bbox 547 2038 686 2086; x_wconf 89' lang='lat' dir='ltr'><strong>cessura</strong></span> <span class='ocrx_word' id='word_1_98' title='bbox 708 2023 818 2103; x_wconf 87' lang='lat' dir='ltr'><strong>esset,</strong></span> <span class='ocrx_word' id='word_1_99' title='bbox 841 2019 926 2086; x_wconf 89' lang='lat' dir='ltr'><strong>adeo</strong></span> <span class='ocrx_word' id='word_1_100' title='bbox 949 2023 1261 2085; x_wconf 61' lang='lat' dir='ltr'><strong>tamen‘moraretur</strong></span> 
     </span>
    </p>

    <p class='ocr_par' dir='ltr' id='par_1_4' title="bbox 196 2124 1265 2230">
     <span class='ocr_line' id='line_1_14' title="bbox 196 2124 1265 2230; baseline -0.003 -22"><span class='ocrx_word' id='word_1_101' title='bbox 196 2148 229 2208; x_wconf 92' lang='lat' dir='ltr'><strong>et</strong></span> <span class='ocrx_word' id='word_1_102' title='bbox 253 2142 444 2227; x_wconf 87' lang='lat' dir='ltr'><strong>impediret,</strong></span> <span class='ocrx_word' id='word_1_103' title='bbox 467 2142 575 2207; x_wconf 91' lang='lat' dir='ltr'><strong>donec</strong></span> <span class='ocrx_word' id='word_1_104' title='bbox 597 2143 774 2230; x_wconf 88' lang='lat' dir='ltr'><strong>collegium</strong></span> <span class='ocrx_word' id='word_1_105' title='bbox 790 2144 1021 2228; x_wconf 89' lang='lat' dir='ltr'><strong>conuenisset,</strong></span> <span class='ocrx_word' id='word_1_106' title='bbox 1043 2124 1265 2227; x_wconf 38' lang='lat' dir='ltr'><strong>cognouisset&#39;</strong></span> 
     </span>
    </p>
   </div>
   <div class='ocr_carea' id='block_1_3' title="bbox 194 2256 1260 2351">
    <p class='ocr_par' dir='ltr' id='par_1_5' title="bbox 194 2256 1260 2351">
     <span class='ocr_line' id='line_1_15' title="bbox 194 2256 1260 2351; baseline -0.003 -21"><span class='ocrx_word' id='word_1_107' title='bbox 194 2284 235 2331; x_wconf 87' lang='lat' dir='ltr'><strong>ac</strong></span> <span class='ocrx_word' id='word_1_108' title='bbox 269 2264 475 2331; x_wconf 87' lang='lat' dir='ltr'><strong>decreuisset</strong></span> <span class='ocrx_word' id='word_1_109' title='bbox 486 2256 537 2351; x_wconf 82' lang='lat'><strong>³¹),</strong></span> <span class='ocrx_word' id='word_1_110' title='bbox 574 2260 655 2349; x_wconf 68' lang='lat' dir='ltr'><strong>&#39;quin</strong></span> <span class='ocrx_word' id='word_1_111' title='bbox 692 2283 731 2329; x_wconf 94' lang='lat' dir='ltr'><strong>eo</strong></span> <span class='ocrx_word' id='word_1_112' title='bbox 770 2265 919 2329; x_wconf 88' lang='lat' dir='ltr'><strong>fortasse</strong></span> <span class='ocrx_word' id='word_1_113' title='bbox 956 2265 1054 2328; x_wconf 91' lang='lat' dir='ltr'><strong>etiam</strong></span> <span class='ocrx_word' id='word_1_114' title='bbox 1090 2264 1260 2348; x_wconf 86' lang='lat' dir='ltr'><strong>aliquanto</strong></span> 
     </span>
    </p>
   </div>
   <div class='ocr_carea' id='block_1_4' title="bbox 196 2387 329 2451">
    <p class='ocr_par' dir='ltr' id='par_1_6' title="bbox 196 2387 329 2451">
     <span class='ocr_line' id='line_1_16' title="bbox 196 2387 329 2451; baseline -0.008 0"><span class='ocrx_word' id='word_1_115' title='bbox 196 2387 329 2451; x_wconf 86' lang='lat' dir='ltr'><strong>diutius.</strong></span> 
     </span>
    </p>
   </div>
   <div class='ocr_carea' id='block_1_5' title="bbox 197 2661 705 4409">
    <p class='ocr_par' dir='ltr' id='par_1_7' title="bbox 197 2661 705 4409">
     <span class='ocr_line' id='line_1_17' title="bbox 232 2661 702 2726; baseline -0.004 -12"><span class='ocrx_word' id='word_1_116' title='bbox 232 2661 277 2725; x_wconf 79' lang='lat'><strong>31)</strong></span> <span class='ocrx_word' id='word_1_117' title='bbox 297 2664 372 2726; x_wconf 82' lang='lat' dir='ltr'><strong>Quae</strong></span> <span class='ocrx_word' id='word_1_118' title='bbox 390 2664 424 2713; x_wconf 91' lang='lat' dir='ltr'><strong>de</strong></span> <span class='ocrx_word' id='word_1_119' title='bbox 443 2664 634 2726; x_wconf 85' lang='lat' dir='ltr'><strong>antiquissimo</strong></span> <span class='ocrx_word' id='word_1_120' title='bbox 655 2665 702 2714; x_wconf 86' lang='lat' dir='ltr'><strong>tri-</strong></span> 
     </span>
     <span class='ocr_line' id='line_1_18' title="bbox 197 2734 700 2815; baseline -0.004 -12"><span class='ocrx_word' id='word_1_121' title='bbox 197 2754 333 2807; x_wconf 87' lang='lat' dir='ltr'><strong>bunorum</strong></span> <span class='ocrx_word' id='word_1_122' title='bbox 343 2753 401 2801; x_wconf 89' lang='lat' dir='ltr'><strong>iure</strong></span> <span class='ocrx_word' id='word_1_123' title='bbox 411 2752 483 2813; x_wconf 90' lang='lat' dir='ltr'><strong>apud</strong></span> <span class='ocrx_word' id='word_1_124' title='bbox 494 2749 607 2800; x_wconf 78' lang='lat' dir='ltr'><strong>Gelliam</strong></span> <span class='ocrx_word' id='word_1_125' title='bbox 614 2734 700 2815; x_wconf 78' lang='lat' dir='ltr'><strong>(xlii,</strong></span> 
     </span>
     <span class='ocr_line' id='line_1_19' title="bbox 197 2839 702 2907; baseline 0 -17"><span class='ocrx_word' id='word_1_126' title='bbox 197 2839 265 2904; x_wconf 67' lang='lat'><strong>12),</strong></span> <span class='ocrx_word' id='word_1_127' title='bbox 286 2855 301 2890; x_wconf 87' lang='lat' dir='ltr'><strong>a</strong></span> <span class='ocrx_word' id='word_1_128' title='bbox 318 2839 439 2889; x_wconf 82' lang='lat' dir='ltr'><strong>Varrone</strong></span> <span class='ocrx_word' id='word_1_129' title='bbox 454 2841 640 2907; x_wconf 64' lang='lat' dir='ltr'><strong>potissimum,</strong></span> <span class='ocrx_word' id='word_1_130' title='bbox 659 2853 702 2890; x_wconf 81' lang='lat' dir='ltr'><strong>er·</strong></span> 
     </span>
     <span class='ocr_line' id='line_1_20' title="bbox 197 2928 702 2992; baseline 0 -14"><span class='ocrx_word' id='word_1_131' title='bbox 197 2929 283 2980; x_wconf 86' lang='lat' dir='ltr'><strong>hibito</strong></span> <span class='ocrx_word' id='word_1_132' title='bbox 302 2942 411 2992; x_wconf 87' lang='lat' dir='ltr'><strong>quoque</strong></span> <span class='ocrx_word' id='word_1_133' title='bbox 432 2929 496 2978; x_wconf 82' lang='lat' dir='ltr'><strong>libri</strong></span> <span class='ocrx_word' id='word_1_134' title='bbox 513 2928 584 2978; x_wconf 80' lang='lat' dir='ltr'><strong><em>XXI.</em></strong></span> <span class='ocrx_word' id='word_1_135' title='bbox 604 2929 702 2978; x_wconf 82' lang='lat' dir='ltr'><strong>Rerum</strong></span> 
     </span>
     <span class='ocr_line' id='line_1_21' title="bbox 198 3016 702 3080; baseline 0 -13"><span class='ocrx_word' id='word_1_136' title='bbox 198 3020 382 3067; x_wconf 79' lang='lat' dir='ltr'><strong>Romanorum</strong></span> <span class='ocrx_word' id='word_1_137' title='bbox 401 3016 571 3079; x_wconf 82' lang='lat' dir='ltr'><strong>fragmento,</strong></span> <span class='ocrx_word' id='word_1_138' title='bbox 602 3020 702 3080; x_wconf 83' lang='lat' dir='ltr'><strong>gratis-</strong></span> 
     </span>
     <span class='ocr_line' id='line_1_22' title="bbox 198 3100 702 3170; baseline 0.004 -15"><span class='ocrx_word' id='word_1_139' title='bbox 198 3108 266 3155; x_wconf 87' lang='lat' dir='ltr'><strong>sima</strong></span> <span class='ocrx_word' id='word_1_140' title='bbox 277 3100 355 3155; x_wconf 88' lang='lat' dir='ltr'><strong>nobis</strong></span> <span class='ocrx_word' id='word_1_141' title='bbox 364 3107 506 3155; x_wconf 89' lang='lat' dir='ltr'><strong>traduntur</strong></span> <span class='ocrx_word' id='word_1_142' title='bbox 516 3103 613 3169; x_wconf 83' lang='lat' dir='ltr'><strong>(pauca</strong></span> <span class='ocrx_word' id='word_1_143' title='bbox 621 3120 702 3170; x_wconf 84' lang='lat' dir='ltr'><strong>quae·</strong></span> 
     </span>
     <span class='ocr_line' id='line_1_23' title="bbox 198 3192 700 3260; baseline 0 -16"><span class='ocrx_word' id='word_1_144' title='bbox 198 3192 700 3260; x_wconf 78' lang='lat' dir='ltr'><strong>damercerpsisuprap.1do.noi.1.)‚</strong></span> 
     </span>
     <span class='ocr_line' id='line_1_24' title="bbox 198 3285 702 3355; baseline 0.006 -24"><span class='ocrx_word' id='word_1_145' title='bbox 198 3296 229 3332; x_wconf 87' lang='lat' dir='ltr'><strong>aa</strong></span> <span class='ocrx_word' id='word_1_146' title='bbox 254 3296 380 3355; x_wconf 83' lang='lat' dir='ltr'><strong>magnam</strong></span> <span class='ocrx_word' id='word_1_147' title='bbox 409 3289 513 3345; x_wconf 87' lang='lat' dir='ltr'><strong>partem</strong></span> <span class='ocrx_word' id='word_1_148' title='bbox 539 3298 595 3333; x_wconf 91' lang='lat' dir='ltr'><strong>uon</strong></span> <span class='ocrx_word' id='word_1_149' title='bbox 621 3285 702 3334; x_wconf 92' lang='lat' dir='ltr'><strong>modo</strong></span> 
     </span>
     <span class='ocr_line' id='line_1_25' title="bbox 199 3368 702 3439; baseline 0.006 -20"><span class='ocrx_word' id='word_1_150' title='bbox 199 3368 278 3419; x_wconf 80' lang='lat' dir='ltr'><strong>Gellii</strong></span> <span class='ocrx_word' id='word_1_151' title='bbox 298 3371 446 3439; x_wconf 87' lang='lat' dir='ltr'><strong>sedetiam</strong></span> <span class='ocrx_word' id='word_1_152' title='bbox 468 3370 596 3421; x_wconf 80' lang='lat' dir='ltr'><strong>Varronis</strong></span> <span class='ocrx_word' id='word_1_153' title='bbox 615 3378 702 3422; x_wconf 88' lang='lat' dir='ltr'><strong>aetate</strong></span> 
     </span>
     <span class='ocr_line' id='line_1_26' title="bbox 198 3458 701 3521; baseline 0.004 -13"><span class='ocrx_word' id='word_1_154' title='bbox 198 3459 300 3509; x_wconf 89' lang='lat' dir='ltr'><strong>dudum</strong></span> <span class='ocrx_word' id='word_1_155' title='bbox 311 3459 432 3513; x_wconf 86' lang='lat' dir='ltr'><strong>obsoleta</strong></span> <span class='ocrx_word' id='word_1_156' title='bbox 441 3458 541 3521; x_wconf 84' lang='lat' dir='ltr'><strong>tuisse,</strong></span> <span class='ocrx_word' id='word_1_157' title='bbox 561 3461 595 3509; x_wconf 88' lang='lat' dir='ltr'><strong>ab</strong></span> <span class='ocrx_word' id='word_1_158' title='bbox 606 3461 701 3510; x_wconf 89' lang='lat' dir='ltr'><strong>iisdem</strong></span> 
     </span>
     <span class='ocr_line' id='line_1_27' title="bbox 200 3548 703 3610; baseline 0 -13"><span class='ocrx_word' id='word_1_159' title='bbox 200 3549 241 3597; x_wconf 85' lang='lat' dir='ltr'><strong>tris</strong></span> <span class='ocrx_word' id='word_1_160' title='bbox 255 3549 367 3598; x_wconf 85' lang='lat' dir='ltr'><strong>testibus</strong></span> <span class='ocrx_word' id='word_1_161' title='bbox 380 3549 546 3610; x_wconf 83' lang='lat' dir='ltr'><strong>amplissime</strong></span> <span class='ocrx_word' id='word_1_162' title='bbox 560 3548 703 3597; x_wconf 86' lang='lat' dir='ltr'><strong>confirma·</strong></span> 
     </span>
     <span class='ocr_line' id='line_1_28' title="bbox 199 3636 703 3698; baseline 0.004 -14"><span class='ocrx_word' id='word_1_163' title='bbox 199 3642 252 3685; x_wconf 85' lang='lat' dir='ltr'><strong>tur.</strong></span> <span class='ocrx_word' id='word_1_164' title='bbox 301 3636 361 3698; x_wconf 89' lang='lat' dir='ltr'><strong>Quo</strong></span> <span class='ocrx_word' id='word_1_165' title='bbox 388 3650 502 3686; x_wconf 88' lang='lat' dir='ltr'><strong>numero</strong></span> <span class='ocrx_word' id='word_1_166' title='bbox 525 3637 597 3686; x_wconf 87' lang='lat' dir='ltr'><strong>haud</strong></span> <span class='ocrx_word' id='word_1_167' title='bbox 621 3636 703 3686; x_wconf 88' lang='lat' dir='ltr'><strong>dubie</strong></span> 
     </span>
     <span class='ocr_line' id='line_1_29' title="bbox 199 3723 702 3788; baseline 0.004 -16"><span class='ocrx_word' id='word_1_168' title='bbox 199 3723 267 3773; x_wconf 92' lang='lat' dir='ltr'><strong>illud</strong></span> <span class='ocrx_word' id='word_1_169' title='bbox 276 3737 385 3788; x_wconf 86' lang='lat' dir='ltr'><strong>quoque</strong></span> <span class='ocrx_word' id='word_1_170' title='bbox 397 3725 556 3784; x_wconf 72' lang='lat' dir='ltr'><strong>nabendum</strong></span> <span class='ocrx_word' id='word_1_171' title='bbox 565 3730 614 3785; x_wconf 89' lang='lat' dir='ltr'><strong>est,</strong></span> <span class='ocrx_word' id='word_1_172' title='bbox 630 3724 702 3788; x_wconf 87' lang='lat' dir='ltr'><strong>quod</strong></span> 
     </span>
     <span class='ocr_line' id='line_1_30' title="bbox 200 3812 702 3873; baseline 0.002 -12"><span class='ocrx_word' id='word_1_173' title='bbox 200 3812 415 3873; x_wconf 88' lang='lat' dir='ltr'><strong>demonstratur,</strong></span> <span class='ocrx_word' id='word_1_174' title='bbox 448 3815 557 3863; x_wconf 91' lang='lat' dir='ltr'><strong>nonnisi</strong></span> <span class='ocrx_word' id='word_1_175' title='bbox 585 3814 618 3863; x_wconf 91' lang='lat' dir='ltr'><strong>iis</strong></span> <span class='ocrx_word' id='word_1_176' title='bbox 645 3813 702 3863; x_wconf 86' lang='lat' dir='ltr'><strong>tera</strong></span> 
     </span>
     <span class='ocr_line' id='line_1_31' title="bbox 199 3901 703 3966; baseline 0.004 -17"><span class='ocrx_word' id='word_1_177' title='bbox 199 3901 281 3950; x_wconf 89' lang='lat' dir='ltr'><strong>rebus</strong></span> <span class='ocrx_word' id='word_1_178' title='bbox 311 3902 434 3951; x_wconf 82' lang='lat' dir='ltr'><strong>tribunos</strong></span> <span class='ocrx_word' id='word_1_179' title='bbox 465 3902 502 3966; x_wconf 84' lang='lat' dir='ltr'><strong>pl.</strong></span> <span class='ocrx_word' id='word_1_180' title='bbox 535 3903 703 3952; x_wconf 87' lang='lat' dir='ltr'><strong>intercedere</strong></span> 
     </span>
     <span class='ocr_line' id='line_1_32' title="bbox 200 3989 704 4053; baseline 0.002 -15"><span class='ocrx_word' id='word_1_181' title='bbox 200 3989 338 4052; x_wconf 88' lang='lat' dir='ltr'><strong>potuisse,</strong></span> <span class='ocrx_word' id='word_1_182' title='bbox 358 3989 452 4050; x_wconf 79' lang='lat' dir='ltr'><strong>quibas</strong></span> <span class='ocrx_word' id='word_1_183' title='bbox 466 3996 620 4052; x_wconf 82' lang='lat' dir='ltr'><strong>praesentas</strong></span> <span class='ocrx_word' id='word_1_184' title='bbox 638 3989 704 4053; x_wconf 69' lang='lat' dir='ltr'><strong>fuis-</strong></span> 
     </span>
     <span class='ocr_line' id='line_1_33' title="bbox 199 4078 702 4130; baseline 0.01 -5"><span class='ocrx_word' id='word_1_185' title='bbox 199 4081 267 4126; x_wconf 81' lang='lat' dir='ltr'><strong>aeni.</strong></span> <span class='ocrx_word' id='word_1_186' title='bbox 298 4078 366 4128; x_wconf 86' lang='lat' dir='ltr'><strong>Nam</strong></span> <span class='ocrx_word' id='word_1_187' title='bbox 380 4086 519 4130; x_wconf 87' lang='lat' dir='ltr'><strong>crescente</strong></span> <span class='ocrx_word' id='word_1_188' title='bbox 531 4082 702 4130; x_wconf 83' lang='lat' dir='ltr'><strong>tribunorum</strong></span> 
     </span>
     <span class='ocr_line' id='line_1_34' title="bbox 201 4165 705 4232; baseline 0.008 -18"><span class='ocrx_word' id='word_1_189' title='bbox 201 4165 340 4229; x_wconf 86' lang='lat' dir='ltr'><strong>potentia,</strong></span> <span class='ocrx_word' id='word_1_190' title='bbox 360 4179 412 4215; x_wconf 89' lang='lat' dir='ltr'><strong>neo</strong></span> <span class='ocrx_word' id='word_1_191' title='bbox 433 4168 525 4229; x_wconf 89' lang='lat' dir='ltr'><strong>paullo</strong></span> <span class='ocrx_word' id='word_1_192' title='bbox 543 4176 607 4219; x_wconf 86' lang='lat' dir='ltr'><strong>anta</strong></span> <span class='ocrx_word' id='word_1_193' title='bbox 624 4170 705 4232; x_wconf 85' lang='lat' dir='ltr'><strong>septi-</strong></span> 
     </span>
     <span class='ocr_line' id='line_1_35' title="bbox 201 4254 703 4320; baseline 0.014 -19"><span class='ocrx_word' id='word_1_194' title='bbox 201 4267 276 4302; x_wconf 89' lang='lat' dir='ltr'><strong>mnm</strong></span> <span class='ocrx_word' id='word_1_195' title='bbox 291 4254 365 4303; x_wconf 88' lang='lat' dir='ltr'><strong>urbis</strong></span> <span class='ocrx_word' id='word_1_196' title='bbox 378 4255 528 4317; x_wconf 86' lang='lat' dir='ltr'><strong>saeculum,</strong></span> <span class='ocrx_word' id='word_1_197' title='bbox 542 4271 574 4308; x_wconf 91' lang='lat' dir='ltr'><strong>eo</strong></span> <span class='ocrx_word' id='word_1_198' title='bbox 583 4258 703 4320; x_wconf 83' lang='lat' dir='ltr'><strong>protecto</strong></span> 
     </span>
     <span class='ocr_line' id='line_1_36' title="bbox 202 4328 703 4409; baseline 0.014 -19"><span class='ocrx_word' id='word_1_199' title='bbox 202 4348 363 4404; x_wconf 87' lang='lat' dir='ltr'><strong>peruentum</strong></span> <span class='ocrx_word' id='word_1_200' title='bbox 382 4349 455 4403; x_wconf 86' lang='lat' dir='ltr'><strong>erat,</strong></span> <span class='ocrx_word' id='word_1_201' title='bbox 475 4349 505 4394; x_wconf 88' lang='lat' dir='ltr'><strong>ut</strong></span> <span class='ocrx_word' id='word_1_202' title='bbox 517 4346 561 4395; x_wconf 84' lang='lat' dir='ltr'><strong>uix</strong></span> <span class='ocrx_word' id='word_1_203' title='bbox 573 4328 703 4409; x_wconf 80' lang='lat' dir='ltr'><strong>umquam</strong></span> 
     </span>
    </p>
   </div>
   <div class='ocr_carea' id='block_1_6' title="bbox 758 2663 1330 3093">
    <p class='ocr_par' dir='ltr' id='par_1_8' title="bbox 758 2663 1330 2905">
     <span class='ocr_line' id='line_1_37' title="bbox 759 2663 1260 2726; baseline 0.002 -14"><span class='ocrx_word' id='word_1_204' title='bbox 759 2663 859 2713; x_wconf 82' lang='lat' dir='ltr'><strong>tribuni</strong></span> <span class='ocrx_word' id='word_1_205' title='bbox 878 2665 907 2712; x_wconf 92' lang='lat' dir='ltr'><strong>ui</strong></span> <span class='ocrx_word' id='word_1_206' title='bbox 926 2665 1097 2726; x_wconf 83' lang='lat' dir='ltr'><strong>magistratus</strong></span> <span class='ocrx_word' id='word_1_207' title='bbox 1116 2664 1170 2713; x_wconf 91' lang='lat' dir='ltr'><strong>iam</strong></span> <span class='ocrx_word' id='word_1_208' title='bbox 1186 2663 1260 2713; x_wconf 86' lang='lat' dir='ltr'><strong>adhi-</strong></span> 
     </span>
     <span class='ocr_line' id='line_1_38' title="bbox 759 2746 1330 2816; baseline -0.002 -15"><span class='ocrx_word' id='word_1_209' title='bbox 759 2752 816 2801; x_wconf 86' lang='lat' dir='ltr'><strong>beri</strong></span> <span class='ocrx_word' id='word_1_210' title='bbox 843 2756 937 2816; x_wconf 85' lang='lat' dir='ltr'><strong>oospia</strong></span> <span class='ocrx_word' id='word_1_211' title='bbox 962 2753 995 2801; x_wconf 90' lang='lat' dir='ltr'><strong>ad</strong></span> <span class='ocrx_word' id='word_1_212' title='bbox 1019 2752 1149 2802; x_wconf 83' lang='lat' dir='ltr'><strong>auxilium</strong></span> <span class='ocrx_word' id='word_1_213' title='bbox 1172 2746 1261 2802; x_wconf 84' lang='lat' dir='ltr'><strong>tereu-</strong></span> <span class='ocrx_word' id='word_1_214' title='bbox 1328 2772 1330 2777; x_wconf 37' lang='lat' dir='ltr'>v</span> 
     </span>
     <span class='ocr_line' id='line_1_39' title="bbox 758 2840 1292 2905; baseline 0 -15"><span class='ocrx_word' id='word_1_215' title='bbox 758 2840 823 2890; x_wconf 89' lang='lat' dir='ltr'><strong>dum</strong></span> <span class='ocrx_word' id='word_1_216' title='bbox 833 2840 917 2891; x_wconf 87' lang='lat' dir='ltr'><strong>ueluti</strong></span> <span class='ocrx_word' id='word_1_217' title='bbox 928 2841 1053 2891; x_wconf 88' lang='lat' dir='ltr'><strong>manibus</strong></span> <span class='ocrx_word' id='word_1_218' title='bbox 1065 2841 1262 2905; x_wconf 83' lang='lat' dir='ltr'><strong>appellantium</strong></span> <span class='ocrx_word' id='word_1_219' title='bbox 1290 2884 1292 2890; x_wconf 88' lang='grc'><em>,</em></span> 
     </span>
    </p>

    <p class='ocr_par' dir='ltr' id='par_1_9' title="bbox 758 2929 1261 3093">
     <span class='ocr_line' id='line_1_40' title="bbox 759 2929 1261 2994; baseline 0.002 -16"><span class='ocrx_word' id='word_1_220' title='bbox 759 2929 959 2992; x_wconf 87' lang='lat' dir='ltr'><strong>arripereutur‚</strong></span> <span class='ocrx_word' id='word_1_221' title='bbox 987 2930 1071 2980; x_wconf 89' lang='lat' dir='ltr'><strong>immo</strong></span> <span class='ocrx_word' id='word_1_222' title='bbox 1090 2931 1136 2994; x_wconf 83' lang='lat' dir='ltr'><strong>qui</strong></span> <span class='ocrx_word' id='word_1_223' title='bbox 1154 2930 1261 2980; x_wconf 87' lang='lat' dir='ltr'><strong>Praeto-</strong></span> 
     </span>
     <span class='ocr_line' id='line_1_41' title="bbox 758 3018 1259 3093; baseline 0.004 -26"><span class='ocrx_word' id='word_1_224' title='bbox 758 3018 795 3067; x_wconf 82' lang='lat' dir='ltr'><strong>ris</strong></span> <span class='ocrx_word' id='word_1_225' title='bbox 814 3018 923 3068; x_wconf 88' lang='lat' dir='ltr'><strong>decreto</strong></span> <span class='ocrx_word' id='word_1_226' title='bbox 936 3031 1041 3081; x_wconf 83' lang='lat' dir='ltr'><strong>¹parere</strong></span> <span class='ocrx_word' id='word_1_227' title='bbox 1065 3024 1259 3093; x_wconf 72' lang='lat' dir='ltr'><strong>grauarentur,</strong></span> 
     </span>
    </p>
   </div>
   <div class='ocr_carea' id='block_1_7' title="bbox 750 3107 1261 3182">
    <p class='ocr_par' dir='ltr' id='par_1_10' title="bbox 750 3107 1261 3182">
     <span class='ocr_line' id='line_1_42' title="bbox 750 3107 1261 3182; baseline 0.004 -26"><span class='ocrx_word' id='word_1_228' title='bbox 750 3107 848 3182; x_wconf 15' lang='lat' dir='ltr'><strong>,statim</strong></span> <span class='ocrx_word' id='word_1_229' title='bbox 878 3108 949 3171; x_wconf 85' lang='lat' dir='ltr'><strong>apud</strong></span> <span class='ocrx_word' id='word_1_230' title='bbox 980 3108 1070 3172; x_wconf 89' lang='lat' dir='ltr'><strong>ipsum</strong></span> <span class='ocrx_word' id='word_1_231' title='bbox 1106 3108 1261 3158; x_wconf 86' lang='lat' dir='ltr'><strong>Praetorem</strong></span> 
     </span>
    </p>
   </div>
   <div class='ocr_carea' id='block_1_8' title="bbox 758 3196 1328 4412">
    <p class='ocr_par' dir='ltr' id='par_1_11' title="bbox 758 3196 1328 4235">
     <span class='ocr_line' id='line_1_43' title="bbox 758 3196 1261 3260; baseline 0.002 -15"><span class='ocrx_word' id='word_1_232' title='bbox 758 3196 962 3260; x_wconf 83' lang='lat' dir='ltr'><strong>profiterentur,</strong></span> <span class='ocrx_word' id='word_1_233' title='bbox 986 3197 1108 3248; x_wconf 84' lang='lat' dir='ltr'><strong>tribunos</strong></span> <span class='ocrx_word' id='word_1_234' title='bbox 1128 3197 1213 3259; x_wconf 88' lang='lat' dir='ltr'><strong>plebis</strong></span> <span class='ocrx_word' id='word_1_235' title='bbox 1232 3208 1261 3246; x_wconf 88' lang='lat' dir='ltr'><strong>ae</strong></span> 
     </span>
     <span class='ocr_line' id='line_1_44' title="bbox 758 3284 1262 3350; baseline 0.004 -17"><span class='ocrx_word' id='word_1_236' title='bbox 758 3284 958 3347; x_wconf 87' lang='lat' dir='ltr'><strong>appellaturos,</strong></span> <span class='ocrx_word' id='word_1_237' title='bbox 990 3284 1081 3348; x_wconf 88' lang='lat' dir='ltr'><strong>paullo</strong></span> <span class='ocrx_word' id='word_1_238' title='bbox 1099 3286 1197 3335; x_wconf 87' lang='lat' dir='ltr'><strong>deiude</strong></span> <span class='ocrx_word' id='word_1_239' title='bbox 1216 3299 1262 3350; x_wconf 85' lang='lat' dir='ltr'><strong>po·</strong></span> 
     </span>
     <span class='ocr_line' id='line_1_45' title="bbox 758 3373 1261 3437; baseline 0.004 -15"><span class='ocrx_word' id='word_1_240' title='bbox 758 3377 816 3422; x_wconf 90' lang='lat' dir='ltr'><strong>stea</strong></span> <span class='ocrx_word' id='word_1_241' title='bbox 835 3373 958 3422; x_wconf 85' lang='lat' dir='ltr'><strong>tribunos</strong></span> <span class='ocrx_word' id='word_1_242' title='bbox 983 3373 1102 3434; x_wconf 87' lang='lat' dir='ltr'><strong>adirent,</strong></span> <span class='ocrx_word' id='word_1_243' title='bbox 1131 3379 1261 3437; x_wconf 84' lang='lat' dir='ltr'><strong>potestate</strong></span> 
     </span>
     <span class='ocr_line' id='line_1_46' title="bbox 759 3459 1260 3524; baseline 0.01 -15"><span class='ocrx_word' id='word_1_244' title='bbox 759 3459 830 3510; x_wconf 86' lang='lat' dir='ltr'><strong>iacta</strong></span> <span class='ocrx_word' id='word_1_245' title='bbox 849 3473 972 3510; x_wconf 88' lang='lat' dir='ltr'><strong>caussam</strong></span> <span class='ocrx_word' id='word_1_246' title='bbox 992 3462 1062 3524; x_wconf 88' lang='lat' dir='ltr'><strong>apud</strong></span> <span class='ocrx_word' id='word_1_247' title='bbox 1082 3468 1260 3524; x_wconf 73' lang='lat' dir='ltr'><strong>assererent,</strong></span> 
     </span>
     <span class='ocr_line' id='line_1_47' title="bbox 759 3550 1261 3614; baseline 0.008 -17"><span class='ocrx_word' id='word_1_248' title='bbox 759 3550 874 3611; x_wconf 82' lang='lat' dir='ltr'><strong>cognitis</strong></span> <span class='ocrx_word' id='word_1_249' title='bbox 888 3550 1074 3613; x_wconf 86' lang='lat' dir='ltr'><strong>peractisque,</strong></span> <span class='ocrx_word' id='word_1_250' title='bbox 1091 3564 1161 3614; x_wconf 83' lang='lat' dir='ltr'><strong>quae</strong></span> <span class='ocrx_word' id='word_1_251' title='bbox 1174 3551 1214 3600; x_wconf 92' lang='lat' dir='ltr'><strong>illi</strong></span> <span class='ocrx_word' id='word_1_252' title='bbox 1228 3551 1261 3601; x_wconf 87' lang='lat' dir='ltr'><strong>ad</strong></span> 
     </span>
     <span class='ocr_line' id='line_1_48' title="bbox 758 3638 1328 3699; baseline 0.009 -14"><span class='ocrx_word' id='word_1_253' title='bbox 758 3650 817 3686; x_wconf 91' lang='lat' dir='ltr'><strong>rem</strong></span> <span class='ocrx_word' id='word_1_254' title='bbox 837 3638 973 3699; x_wconf 87' lang='lat' dir='ltr'><strong>pertinere</strong></span> <span class='ocrx_word' id='word_1_255' title='bbox 991 3644 1146 3699; x_wconf 88' lang='lat' dir='ltr'><strong>censerent,</strong></span> <span class='ocrx_word' id='word_1_256' title='bbox 1170 3639 1262 3690; x_wconf 88' lang='lat' dir='ltr'><strong>deere-</strong></span> <span class='ocrx_word' id='word_1_257' title='bbox 1325 3658 1328 3665; x_wconf 64' lang='grc'>’</span> 
     </span>
     <span class='ocr_line' id='line_1_49' title="bbox 759 3725 1265 3788; baseline 0.008 -13"><span class='ocrx_word' id='word_1_258' title='bbox 759 3731 816 3775; x_wconf 88' lang='lat' dir='ltr'><strong>tum</strong></span> <span class='ocrx_word' id='word_1_259' title='bbox 833 3725 943 3788; x_wconf 77' lang='lat' dir='ltr'><strong>collegii</strong></span> <span class='ocrx_word' id='word_1_260' title='bbox 962 3726 1168 3788; x_wconf 78' lang='lat' dir='ltr'><strong>singulorumue</strong></span> <span class='ocrx_word' id='word_1_261' title='bbox 1192 3729 1265 3780; x_wconf 90' lang='lat' dir='ltr'><strong>aeci-</strong></span> 
     </span>
     <span class='ocr_line' id='line_1_50' title="bbox 759 3810 1261 3879; baseline 0.002 -14"><span class='ocrx_word' id='word_1_262' title='bbox 759 3818 865 3879; x_wconf 88' lang='lat' dir='ltr'><strong>perant.</strong></span> <span class='ocrx_word' id='word_1_263' title='bbox 904 3810 1037 3877; x_wconf 83' lang='lat' dir='ltr'><strong>(Obserua</strong></span> <span class='ocrx_word' id='word_1_264' title='bbox 1059 3829 1160 3879; x_wconf 85' lang='lat' dir='ltr'><strong>quasso</strong></span> <span class='ocrx_word' id='word_1_265' title='bbox 1178 3822 1261 3867; x_wconf 88' lang='lat' dir='ltr'><strong>totam</strong></span> 
     </span>
     <span class='ocr_line' id='line_1_51' title="bbox 758 3894 1262 3956; baseline 0.004 -3"><span class='ocrx_word' id='word_1_266' title='bbox 758 3903 874 3954; x_wconf 86' lang='lat' dir='ltr'><strong>iormam</strong></span> <span class='ocrx_word' id='word_1_267' title='bbox 893 3894 1035 3954; x_wconf 66' lang='lat' dir='ltr'><strong>et&#39;iaoism</strong></span> <span class='ocrx_word' id='word_1_268' title='bbox 1059 3905 1133 3954; x_wconf 90' lang='lat' dir='ltr'><strong>illius</strong></span> <span class='ocrx_word' id='word_1_269' title='bbox 1159 3905 1262 3956; x_wconf 84' lang='lat' dir='ltr'><strong>decreti</strong></span> 
     </span>
     <span class='ocr_line' id='line_1_52' title="bbox 759 3992 1262 4054; baseline 0.006 -12"><span class='ocrx_word' id='word_1_270' title='bbox 759 3994 788 4042; x_wconf 89' lang='lat' dir='ltr'><strong>in</strong></span> <span class='ocrx_word' id='word_1_271' title='bbox 806 3992 941 4054; x_wconf 87' lang='lat' dir='ltr'><strong>Scipionis</strong></span> <span class='ocrx_word' id='word_1_272' title='bbox 959 3992 1070 4042; x_wconf 80' lang='lat' dir='ltr'><strong>Asiatici</strong></span> <span class='ocrx_word' id='word_1_273' title='bbox 1091 4007 1187 4044; x_wconf 89' lang='lat' dir='ltr'><strong>caussa</strong></span> <span class='ocrx_word' id='word_1_274' title='bbox 1202 3994 1262 4045; x_wconf 87' lang='lat' dir='ltr'><strong>red·</strong></span> 
     </span>
     <span class='ocr_line' id='line_1_53' title="bbox 759 4080 1260 4144; baseline -0.008 -11"><span class='ocrx_word' id='word_1_275' title='bbox 759 4081 825 4142; x_wconf 83' lang='lat' dir='ltr'><strong>diti,</strong></span> <span class='ocrx_word' id='word_1_276' title='bbox 839 4081 910 4144; x_wconf 84' lang='lat' dir='ltr'><strong>apud</strong></span> <span class='ocrx_word' id='word_1_277' title='bbox 925 4080 1038 4132; x_wconf 77' lang='lat' dir='ltr'><strong>Gellium</strong></span> <span class='ocrx_word' id='word_1_278' title='bbox 1047 4083 1112 4143; x_wconf 79' lang='lat' dir='ltr'><strong>vll,</strong></span> <span class='ocrx_word' id='word_1_279' title='bbox 1127 4083 1170 4135; x_wconf 84' lang='lat'><strong>19.</strong></span> <span class='ocrx_word' id='word_1_280' title='bbox 1182 4082 1260 4134; x_wconf 83' lang='lat' dir='ltr'><strong>Cant.</strong></span> 
     </span>
     <span class='ocr_line' id='line_1_54' title="bbox 760 4168 1101 4235; baseline 0.006 -15"><span class='ocrx_word' id='word_1_281' title='bbox 760 4183 841 4235; x_wconf 85' lang='lat' dir='ltr'><strong>supra</strong></span> <span class='ocrx_word' id='word_1_282' title='bbox 860 4184 887 4234; x_wconf 84' lang='lat' dir='ltr'><strong>p.</strong></span> <span class='ocrx_word' id='word_1_283' title='bbox 907 4171 967 4221; x_wconf 76' lang='lat' dir='ltr'><strong>tar.</strong></span> <span class='ocrx_word' id='word_1_284' title='bbox 988 4177 1043 4222; x_wconf 85' lang='lat' dir='ltr'><strong>not.</strong></span> <span class='ocrx_word' id='word_1_285' title='bbox 1062 4168 1101 4234; x_wconf 84' lang='lat'><strong>7.)</strong></span> 
     </span>
    </p>

    <p class='ocr_par' dir='ltr' id='par_1_12' title="bbox 759 4259 1262 4412">
     <span class='ocr_line' id='line_1_55' title="bbox 794 4259 1260 4322; baseline -0.002 -13"><span class='ocrx_word' id='word_1_286' title='bbox 794 4260 865 4322; x_wconf 84' lang='lat' dir='ltr'><strong>Quid</strong></span> <span class='ocrx_word' id='word_1_287' title='bbox 897 4261 1002 4310; x_wconf 88' lang='lat' dir='ltr'><strong>interea</strong></span> <span class='ocrx_word' id='word_1_288' title='bbox 1031 4259 1172 4309; x_wconf 83' lang='lat' dir='ltr'><strong>Praetor?</strong></span> <span class='ocrx_word' id='word_1_289' title='bbox 1200 4260 1260 4310; x_wconf 89' lang='lat' dir='ltr'><strong>Nou</strong></span> 
     </span>
     <span class='ocr_line' id='line_1_56' title="bbox 759 4348 1262 4412; baseline -0.006 -13"><span class='ocrx_word' id='word_1_290' title='bbox 759 4349 869 4409; x_wconf 84' lang='lat' dir='ltr'><strong>dubito,</strong></span> <span class='ocrx_word' id='word_1_291' title='bbox 890 4351 955 4412; x_wconf 87' lang='lat' dir='ltr'><strong>quin</strong></span> <span class='ocrx_word' id='word_1_292' title='bbox 973 4348 1134 4398; x_wconf 84' lang='lat' dir='ltr'><strong>tribuniciae</strong></span> <span class='ocrx_word' id='word_1_293' title='bbox 1146 4352 1262 4410; x_wconf 80' lang='lat' dir='ltr'><strong>potesta·</strong></span> 
     </span>
    </p>
   </div>
   <div class='ocr_carea' id='block_1_9' title="bbox 0 0 1689 5276">
    <p class='ocr_par' dir='ltr' id='par_1_13' title="bbox 0 0 1689 5276">
     <span class='ocr_line' id='line_1_57' title="bbox 0 0 1689 5276; baseline 0 0"><span class='ocrx_word' id='word_1_294' title='bbox 0 0 1689 5276; x_wconf 95' lang='lat' dir='ltr'><strong> </strong></span> 
     </span>
    </p>
   </div>
  </div>
 </body>
</html>
