3352 5276
452 447 513 511 nn
557 444 652 546 Cup.
680 446 714 520 1.
768 442 829 520 De
855 447 941 519 iure
966 468 1127 520 causaue
1156 444 1421 534 Quinctianae.

292 655 391 755 ,',?⁸'¹³
404 660 430 697 a
451 642 518 707 fieri
535 639 716 725 potuisset,
736 639 772 700 ut
787 635 909 701 tribuni
926 635 988 721 pi,
1003 635 1045 701 ab
1061 634 1188 701 Alieno
1201 639 1379 726 appellati,
1393 658 1511 709 caussa

292 727 371 824 νιῖιῖῗ-
390 726 430 766 Ψ
448 762 587 848 cognita
603 759 880 844 pronunciarent,
900 757 1056 821 iniustum
1075 757 1183 823 uideri
1199 758 1372 827 Praetoris
1393 760 1511 829 decre-

450 888 536 969 tum,
559 901 624 968 quo
646 878 814 945 satisdare
837 877 984 944 Alienus
1005 879 1117 944 iussus
1139 884 1248 964 esset,
1270 882 1316 946 nil
1339 902 1424 969 opus
1439 902 1511 952 esse

448 1001 679 1088 satisdatione,
694 1019 798 1086 seque
813 999 977 1069 aduersus
988 998 1162 1065 Praetoris
1177 1006 1389 1091 potestatem,
1404 1022 1511 1090 quan-

449 1126 625 1210 docunque
647 1129 786 1209 propter
806 1119 1059 1186 satisdationem
1080 1127 1267 1188 recusatam
1292 1124 1421 1191 Naeuio
1450 1126 1512 1192 bo-

448 1267 565 1312 norum
594 1243 869 1331 possidendorum
901 1240 1194 1310 uendendorumue
1225 1264 1347 1312 caussa
1377 1264 1510 1314 accom-

450 1368 659 1453 modaretur,
688 1366 832 1446 Alieno,
865 1365 1076 1450 procuratori
1105 1363 1269 1452 Quinctii,
1302 1369 1427 1434 auxilio
1457 1368 1512 1434 iu-

391 1546 394 1553 .
449 1494 544 1554 turos
564 1507 650 1555 esse.
755 1556 758 1565 ,

511 1645 614 1715 Cuius
635 1650 684 1713 rei
706 1647 914 1732 praeclarum
931 1643 1095 1730 quoddam
1111 1649 1207 1710 extat
1222 1647 1425 1734 exemplum,
1448 1669 1511 1734 quo

448 1770 582 1836 mirifice
604 1772 709 1834 omnis
731 1768 814 1834 haec
836 1767 1003 1833 tribunicii
1025 1768 1138 1832 auxilii
1161 1769 1248 1833 ratio
1271 1773 1304 1834 et
1326 1769 1512 1835 illustratur

448 1896 483 1956 et
505 1890 727 1958 confirmatur.

257 2009 428 2123 'hfpppppp
513 2013 645 2078 Etenim
677 2017 710 2075 in
741 2014 912 2098 oratione,
944 2031 1042 2096 quam
1073 2030 1135 2097 pro
1165 2011 1216 2078 M.
1247 2006 1362 2079 uuita
1392 2007 1512 2080 Cicero

279 2113 404 2191 parona.
422 2112 427 2120 ’
448 2134 548 2217 dixit,
570 2137 742 2220 narratur,
764 2132 1081 2199 intermunus
1104 2137 1206 2219 atque
1228 2130 1267 2215 Q.
1282 2134 1421 2200 Fabium
1443 2135 1513 2200 liti-

448 2259 589 2340 gatores
611 2256 654 2319 de
673 2253 828 2339 formula
850 2255 1077 2341 coooctpteudu
1098 2254 1188 2340 apud
1210 2253 1405 2320 Praetorem
1427 2275 1513 2324 con-

447 2378 628 2441 tentionem
658 2375 780 2441 iuisse:
813 2375 955 2441 Tullium
983 2376 1112 2461 quidem
1140 2378 1296 2442 usitatam
1320 2396 1513 2468 puramque

447 2499 611 2564 actionem
642 2495 810 2579 edidisse,
842 2497 979 2564 Fabium
1008 2504 1145 2585 contra,
1176 2504 1214 2563 ut
1244 2518 1343 2565 unum
1376 2498 1513 2586 aliquod

446 2620 600 2701 uerbum,
621 2619 710 2704 quod
733 2620 944 2703 exceptionis
965 2621 1030 2684 uim
1046 2618 1203 2706 haberet,
1225 2619 1423 2705 adderetur,
1448 2640 1513 2706 po-

446 2741 625 2807 stulauisse
637 2734 678 2828 ⁸),
699 2739 837 2824 deinde,
859 2760 957 2825 quum
979 2760 1000 2805 a
1021 2739 1185 2807 Praetore
1203 2760 1271 2807 non
1290 2744 1515 2829 impetrasset,

446 2862 599 2929 tribunos
621 2864 729 2947 piebis
750 2862 987 2946 appellauisse.

512 2983 587 3049 «At
615 2983 737 3073 quidus
764 2984 899 3073 uerba,
931 2985 980 3049 sic
1014 2986 1127 3070 Pergit
1159 2983 1278 3050 Cicero
1311 2982 1443 3067 dicere,
1475 2988 1513 3048 to
1627 2990 1628 3015 ¹

512 3104 754 3170 «decemimtdo
788 3100 957 3171 Meteilus
991 3123 1077 3172 usus
1107 3101 1197 3171 eti?
1236 3109 1391 3192 caeteri,
1428 3124 1513 3195 quos
1544 3140 1550 3151 ·

512 3222 755 3313 euppcltustti
776 3244 891 3292 ironiae
911 3223 1000 3291 itaer
1014 3229 1168 3292 amorium
1180 3224 1253 3309 suti
1267 3230 1400 3315 oratio,
1422 3226 1513 3315 qumi

513 3350 575 3413 «ut
607 3345 802 3413 hominibus
829 3351 979 3414 armatis
1006 3351 1182 3414 coecitate
1210 3348 1353 3433 tamdiu
1382 3347 1512 3433 secisse

512 3470 726 3556 «dicemur,
761 3469 800 3534 td
825 3473 970 3534 tametsi
997 3469 1093 3534 oculto
1125 3473 1202 3534 iure
1227 3467 1308 3556 fieti
1336 3474 1513 3557 potuerit,

510 3596 653 3658 «tumen
674 3610 712 3657 ae
734 3589 824 3656 rituti
844 3583 1084 3657 audituros‘i’

479 3857 508 3925 3)
527 3875 576 3925 pro
590 3861 680 3911 Tuliio
699 3875 723 3912 c.
743 3860 787 3911 33.
801 3860 845 3912 33.
859 3884 894 3895 -
908 3860 948 3911 lie
1005 3861 1157 3912 meutioost
1166 3859 1286 3911 ioAcod.
1296 3859 1333 3921 ΙΙ,
1346 3859 1390 3910 30.
1402 3863 1514 3923 apostu-

445 3948 949 4012 eiusmodiuisoapuuoniomcont.ds
1006 3949 1103 4010 uiant,
1123 3954 1153 4001 ut
1169 3950 1338 4010 accipiantur
1355 3949 1425 3998 haec
1439 3949 1513 3997 inex·

444 4040 598 4091 humetum
617 4040 659 4098 ll,
678 4038 722 4089 13.
735 4039 778 4088 30.
794 4038 832 4088 ad
843 4037 909 4088 Her.
924 4038 946 4094 Ι,
1006 4036 1178 4101 «plicabilia.
1212 4037 1359 4087 Tribunum
1388 4037 1513 4100 aliquem

445 4127 827 4179 1a.0rat.1›ortu.c.us.io
841 4126 949 4176 Verrem
1005 4140 1127 4177 «censeo
1158 4125 1287 4177 uideant:
1318 4137 1337 4175 u
1362 4136 1403 4174 me
1429 4127 1514 4175 utum

444 4216 486 4276 11,
501 4217 543 4269 12.
558 4216 585 4277 1,
605 4214 649 4266 id.
673 4214 760 4264 Etiam
775 4215 948 4266 tribunorum
1005 4215 1202 4277 uacationem
1218 4227 1366 4276 numquam
1383 4214 1514 4276 impetro·

444 4305 480 4368 pi.
499 4306 531 4358 de
548 4305 700 4367 acceptioue
720 4302 947 4367 appellandorum
1005 4303 1121 4355 udum.»
