3420 5280
411 476 453 540 64
512 472 606 577 Cup.
633 474 668 548 Ι.
720 472 782 549 De
806 475 893 556 iure
918 496 1079 550 caussae
1106 472 1369 562 Quinctianae.

243 666 391 777 gpffif·
409 665 515 750 prima
542 666 644 731 facile
681 640 861 731 concedam
875 700 895 746 ,ι
921 662 965 730 de
995 664 1103 729 altera
1132 661 1221 728 haud
1253 665 1471 753 repugualm3

410 784 474 851 lroc
507 805 606 850 unum
641 784 792 851 adiiciam
828 786 929 869 atque
957 784 1055 850 etiam
1087 782 1303 867 contendam,
1338 783 1472 853 diuerso

410 900 521 973 ildico
544 908 654 992 capite
676 925 742 971 uno
764 906 967 992 pluribusne,
989 923 1030 972 ac
1043 908 1223 990 separatim
1245 907 1289 972 ab
1311 925 1362 992 eo,
1383 906 1472 992 quod
1691 874 1696 1029 p

409 1031 443 1093 in
466 1027 498 1093 d.
522 1046 550 1093 c.
573 1025 623 1088 19.
667 1024 889 1109 Quinctianae
910 1035 1047 1093 nostrae
1067 1029 1248 1114 rectatur,
1277 1026 1320 1094 de
1342 1018 1472 1094 duabus
1639 1030 1642 1034 ’

408 1150 475 1216 illis
515 1150 644 1216 caussis
689 1148 754 1215 hoc
804 1150 953 1234 tempore
1002 1151 1133 1214 cautum
1188 1150 1471 1235 constitutumque

410 1272 524 1337 tuisse.
581 1271 698 1357 Neque
720 1271 805 1335 enim
828 1271 860 1335 iu
883 1270 1023 1335 animum
1046 1267 1204 1336 inducere
1225 1289 1378 1356 possum,
1410 1270 1471 1336 Ci-

408 1372 562 1459 ceronam
585 1411 652 1456 non
673 1393 856 1482 integrum,
878 1410 942 1477 quo
966 1389 1008 1456 de
1029 1392 1212 1482 agebatur,
1234 1390 1347 1459 Edictl
1369 1394 1471 1477 caput

407 1516 587 1600 recitasse,
608 1514 731 1599 quippe
753 1513 808 1598 qul
830 1530 872 1578 ne
894 1513 1113 1579 alienissimus
1135 1513 1264 1599 quidem
1285 1532 1307 1579 a
1328 1515 1387 1579 lite
1408 1532 1471 1579 sua

407 1635 575 1702 clausulas
598 1634 877 1718 praetermiserit,
905 1636 1039 1731 etpost
1062 1636 1211 1720 quartam
1234 1636 1341 1720 illam,
1373 1653 1469 1721 quam

407 1758 602 1843 proposuit,
631 1757 752 1821 nullam
775 1773 850 1821 esse
872 1756 1052 1841 reliquam,
1085 1757 1169 1820 satis
1191 1757 1288 1820 eiiam
1312 1755 1468 1822 distincte

407 1870 664 1956 indicauer1t2⁵lz
700 1895 809 1961 neque
831 1895 951 1943 caussa
977 1875 1042 1943 dici
1064 1862 1192 1963 potest3
1224 1878 1303 1963 quin
1324 1895 1469 1953 censea-

406 2020 494 2087 mus,
531 1999 691 2084 peculiari
711 1997 853 2085 quodam
875 2000 986 2083 capite
1008 1997 1203 2065 Praetorem
1225 2018 1284 2065 eas
1306 2017 1470 2085 personas

406 2120 718 2207 comprehendissep
743 2138 878 2204 quarum
900 2120 989 2185 bona
1020 2125 1057 2185 ut
1090 2120 1343 2206 possiderentur
1374 2139 1469 2188 com-

407 2245 513 2308 munis
535 2244 738 2307 omnlumea
759 2240 912 2333 condicio
935 2241 1107 2328 efficeret,
1138 2243 1229 2332 qnod
1252 2247 1291 2308 tn
1317 2247 1374 2309 tus
1401 2262 1467 2308 uo-

407 2364 512 2430 candi
545 2368 704 2450 potestus
738 2381 809 2428 ouon
845 2364 946 2429 essct.
990 2362 1117 2428 Contra
1152 2364 1362 2448 perspicuum
1401 2366 1467 2447 est,

406 2484 472 2549 duo
504 2486 561 2551 illa
589 2503 738 2575 genera,
769 2482 904 2551 aliunde
932 2480 1081 2569 adiecta,
1116 2482 1275 2548 eiusmodi
1304 2503 1468 2569 personas

406 2607 593 2686 continere,
626 2608 767 2693 quaein
789 2607 860 2672 lure
880 2608 946 2672 iam
976 2605 1190 2672 constiterint
1217 2593 1275 2671 aut
1297 2608 1468 2691 potuerint

405 2731 517 2794 tamen
538 2728 573 2792 in
594 2729 646 2792 ius
667 2728 793 2794 uocari.

467 2910 539 2980 Sed
560 2912 644 2979 haec
665 2915 766 2979 missu
786 2913 893 2999 taclo;
926 2917 1005 2980 sunt
1028 2915 1112 2978 enim
1133 2932 1154 2980 a
1177 2910 1323 2995 Quinctll
1345 2932 1466 2982 caussa

404 3034 496 3100 nullo
524 3034 624 3101 dublo
652 3036 883 3105 remotissima.
939 3035 997 3102 Ad
1019 3036 1152 3101 tertium
1175 3036 1290 3119 uenlo,
1325 3041 1467 3122 propter

404 3154 494 3241 quod
523 3175 622 3220 unum
651 3157 764 3242 priora
792 3156 1094 3223 commemoranda¹
1111 3157 1268 3243 luerunt,
1302 3157 1465 3224 uadimo-

403 3282 501 3344 nium
522 3278 707 3343 desertum.
878 3348 882 3353 ,

467 3399 565 3466 Hunc
587 3401 672 3465 enim
702 3400 804 3489 uulgo
839 3400 953 3466 ferunt
981 3401 1126 3487 quintam
1160 3419 1312 3467 caussam
1341 3401 1463 3482 tuisse,

436 3707 689 3763 tullissent.
723 3721 754 3757 u.
775 3742 783 3758 .
804 3742 812 3757 .
832 3704 904 3771 quod
960 3705 1083 3757 u.o.19.
1102 3706 1229 3756 ubioilio
1247 3706 1356 3770 quidem
1376 3709 1463 3761 Edicit

403 3810 514 3860 unoque
546 3797 690 3847 fraudandi
722 3808 818 3846 caussa
845 3795 904 3846 luti·
960 3795 1344 3858 cuputrecilaricontinuum‚
1363 3795 1463 3845 deinde

402 3889 509 3934 «lassat
527 3882 575 3947 (al.
595 3881 739 3948 latitasse),
757 3897 845 3948 neque
861 3896 904 3934 ar·
960 3896 1045 3942 uero,
1078 3896 1140 3933 com
1167 3883 1334 3933 aduiuentis
1357 3883 1463 3933 clausu-

289 3992 291 3996 ·
402 3973 479 4022 asilii
506 3985 601 4022 caussa
625 3972 714 4022 solum
732 3974 846 4023 uertisse
865 3972 904 4021 di·
959 3972 1015 4020 lam
1034 3975 1195 4034 peruentum
1214 3977 1302 4032 esaei,
1325 3977 1462 4023 oratorem

402 4067 541 4111 «caretur.
579 4061 714 4124 Reliquum
728 4069 779 4123 est,
798 4066 829 4110 ut
846 4074 905 4111 eum
959 4060 1125 4118 substitisse,
1144 4060 1178 4109 od
1197 4066 1358 4122 argumente
1375 4066 1462 4110 trans·

403 4149 899 4214 uacmotudiciodescaderitneirel.-
958 4149 1035 4208 iisse,
1063 4146 1168 4210 reliqua
1194 4162 1277 4209 uero,
1307 4163 1376 4212 quaa
1394 4149 1462 4198 roci·

402 4240 478 4302 Quae
497 4238 580 4288 uerba
602 4237 696 4298 uituli,
726 4243 755 4288 ut
781 4252 817 4288 me
843 4238 903 4302 quis
959 4236 1041 4287 tanda
1076 4235 1212 4296 luissent,
1250 4236 1359 4288 silentio
1385 4251 1461 4302 prac-

402 4329 430 4378 iu
463 4327 645 4378 coniectorum
682 4327 833 4389 euaderet,
877 4327 905 4375 in
961 4325 1075 4401 periisse·
1168 4343 1171 4351 ¹
