3420 5280
401 510 442 571 2⁰
508 504 602 605 Cup.
625 505 660 579 Ι.
712 500 774 578 De
798 506 884 580 iure
901 518 1066 579 'cumeae
1092 501 1354 590 Quinctianae.

234 696 312 793 ,ἔξω
328 710 382 748 itt·
403 696 645 762 «suetudinem
671 696 838 761 iudicium
864 699 963 782 poten
989 693 1032 759 de
1058 693 1184 780 probro
1214 711 1318 781 φιαηι
1349 691 1392 757 dc
1418 709 1457 755 re

402 817 590 883 «metuerit
609 815 719 902 fierit’

462 938 594 1029 Etenim
610 956 682 1004 enm
696 937 829 1002 uidetur
843 935 1070 1003 demonstrare
1085 935 1373 1023 consuetudinem,
1391 953 1456 1021 que

399 1062 433 1123 in
455 1058 622 1124 ordinario
645 1059 845 1125 fumosorum
866 1055 1059 1124 iudiciorum
1080 1075 1223 1146 genere,
1251 1075 1325 1124 cum
1350 1058 1456 1143 ipsum

399 1179 443 1247 de
467 1198 505 1246 re
534 1183 568 1246 et
595 1180 728 1247 notione
756 1178 1063 1246 condemnationem
1090 1179 1270 1268 ignominis
1297 1182 1457 1264 sequntur

398 1293 526 1383 [ueluti
540 1303 573 1366 in
590 1300 747 1386 mandeti,
768 1300 917 1386 fiduciae,
939 1319 999 1385 pro
1022 1302 1114 1366 socio
1138 1304 1172 1365 et
1194 1300 1354 1365 similibus
1367 1301 1456 1365 ucti-

396 1413 549 1511 onibus),
566 1421 607 1489 de
623 1423 711 1489 inmo
722 1440 830 1507 neque
844 1423 1013 1488 anteriore
1028 1440 1135 1506 neque
1149 1422 1280 1487 omnino
1295 1420 1455 1506 peculiari

396 1545 574 1630 propriaue
595 1545 764 1609 sententie
784 1543 963 1630 iudicatur,
986 1545 1080 1608 immo
1098 1543 1206 1608 tumne
1223 1541 1456 1608 detrimentum

396 1666 570 1751 principaii
592 1663 712 1730 iudicio
734 1666 808 1749 ipso
832 1666 904 1729 iure
926 1666 1126 1731 continetur.

458 1786 691 1852 Verumtamen
724 1786 766 1851 sb
799 1784 959 1855 eiusmodi
986 1787 1187 1873 ignominiae
1219 1802 1339 1851 cnosso
1372 1784 1455 1851 iunco

395 1908 528 1992 species
547 1910 664 1973 nostre
685 1924 727 1972 eo
748 1905 876 1995 differt,
903 1905 991 1992 quod
1021 1925 1133 1972 eorum
1161 1925 1298 1973 numero
1316 1908 1376 1991 sit,
1398 1907 1453 1972 ubi

394 2034 448 2094 rei
460 2029 567 2118 magis
579 2026 743 2119 furtoque
758 2046 854 2114 quum
868 2027 997 2094 iudicio
1009 2032 1043 2093 et
1054 2028 1335 2094 condemnationi
1345 2028 1454 2094 temne

395 2148 624 2216 detrimentum
648 2151 758 2215 inesse
781 2153 934 2234 putetur3
964 2169 1028 2233 quo
1056 2168 1183 2239 genere
1208 2167 1349 2216 csussue
1375 2151 1455 2215 sunt

395 2272 484 2355 eius,
511 2273 568 2357 qui
589 2287 732 2355 corpore
753 2273 925 2356 quaestum
947 2270 1083 2355 fecerit,
1106 2273 1204 2357 quiue
1224 2272 1454 2336 iunistuturom

394 2395 542 2458 ortemue
577 2390 736 2458 ludicrum
772 2391 910 2489 fecerit,
945 2392 1099 2477 uitaeque
1128 2386 1383 2478 complures²⁴);
1420 2394 1454 2456 in

394 2515 512 2599 quibus
526 2514 691 2597 omnibus,
707 2512 880 2578 dummodo
896 2511 938 2578 de
954 2513 1044 2580 incto
1059 2517 1249 2600 constaret,
1270 2512 1352 2578 nihii
1368 2532 1454 2598 opus

394 2636 455 2701 iuit
477 2654 544 2701 non
570 2634 667 2700 modo
693 2633 969 2701 condemnatione
997 2633 1058 2700 sed
1085 2652 1127 2700 ne
1156 2633 1277 2701 iudicio
1306 2633 1453 2720 quiderm

392 2755 558 2843 adeoque,
590 2758 646 2823 ubi
676 2760 815 2841 propter
842 2757 923 2823 tecti
954 2754 1220 2823 incertitudinem
1249 2754 1454 2840 praeiudicio

394 2880 488 2944 iocus
509 2880 617 2961 esset,
638 2896 746 2962 neque
768 2879 875 2967 magis
895 2896 974 2958 reo,
994 2879 1024 2942 si
1045 2879 1228 2961 sponsione
1249 2875 1455 2944 condemne-

393 3001 503 3084 retnr,
538 3016 633 3083 quum
661 3003 791 3084 ueteri,
822 3002 942 3064 contro
975 3017 1070 3083 quem
1102 3000 1270 3064 sententis
1302 2998 1453 3086 duretur,

394 3121 575 3207 ignominie
595 3120 799 3202 imminebat,
820 3138 929 3204 neque
951 3121 1082 3185 omnino
1102 3121 1163 3186 nisi
1179 3122 1357 3205 improprie
1372 3139 1454 3185 orn-

394 3243 523 3307 torinue
546 3240 686 3326 quodum
707 3240 842 3306 licentis
864 3239 928 3307 dict
952 3245 1064 3326 potest
1085 3245 1154 3328 ipsi
1174 3242 1303 3307 iudicio
1331 3243 1454 3307 existi-

392 3363 547 3427 mationis
568 3361 748 3446 periculum
771 3362 891 3427 inesse.
933 3359 1008 3444 Qus
1036 3361 1193 3447 loquendi
1221 3362 1328 3428 forms
1355 3382 1452 3449 quum

374 3486 497 3551 »iibere
519 3482 646 3549 'l'rdiius
667 3483 701 3547 in
716 3481 928 3548 defendendo
944 3480 1100 3564 Quinctio
1115 3487 1245 3572 ututur,
1268 3483 1453 3549 omnimodo

393 3604 563 3672 sciendum
585 3608 652 3684 est,
673 3602 777 3686 hunc,
803 3607 833 3670 si
853 3606 1034 3690 sponsione
1056 3624 1117 3670 sne
1139 3607 1309 3693 uisitetur,
1337 3604 1452 3671 eudem

394 3727 540 3793 futurum
562 3745 638 3792 esse
659 3727 855 3815 ignominie,
877 3745 942 3812 iun
963 3726 1149 3792 iamdudum
1171 3745 1246 3793 esse
1268 3729 1452 3813 putaretur,

395 3850 423 3913 si
446 3848 487 3914 de
509 3849 723 3931 possessione
744 3849 903 3914 bonorum
926 3849 1018 3933 prius
1044 3850 1263 3914 constitisset.

458 3972 528 4035 inm
550 3987 629 4035 uero
652 3969 752 4035 focile
773 3973 930 4054 apparet,
959 3990 1056 4056 quum
1081 3968 1196 4036 eudem
1223 3970 1281 4034 illu
1308 3987 1453 4055 posses-

430 4259 475 4314 ut)
494 4258 573 4310 Coos.
592 4259 672 4322 Legis
698 4258 783 4309 iuiiue
808 4259 896 4309 muni·
952 4257 1066 4311 eti-1.
1085 4256 1124 4308 De
1137 4256 1179 4308 his
1192 4261 1238 4322 qui
1253 4264 1309 4309 not.
1331 4256 1396 4308 iuiu.

398 4347 493 4408 cipuiio
503 4345 580 4410 (Teio.
591 4348 790 4404 Heracleensis)
799 4361 824 4398 c.
833 4346 860 4397 8.
867 4372 894 4383 -
