3352 5276
399 520 441 584 82
508 518 603 620 Cup.
628 522 661 595 1.
713 517 775 594 De
801 522 885 594 iura
907 541 1067 594 caussae
1094 517 1358 607 Quinctianae.

179 788 182 797 .
231 708 379 815 ἕψω·
398 711 495 794 cipue
518 713 619 797 atque
642 728 686 776 ex
714 709 869 796 professo
896 708 1154 775 concluderetur
1177 709 1211 771 in
1241 706 1461 792 iudiciumque

398 825 661 910 deduceretur³t

459 952 537 1019 Non
556 955 670 1038 potest
688 953 793 1040 igitur
812 950 998 1017 Burrienus
1011 950 1160 1018 Praetor
1180 968 1301 1017 caussa
1323 951 1462 1036 cognita

397 1076 663 1159 interpositoque
691 1071 828 1139 decreto
856 1076 958 1139 antea
982 1055 1166 1155 iudicasse,
1197 1070 1344 1155 Quinctii
1374 1073 1462 1138 bona

399 1215 443 1262 ex
464 1195 585 1262 Edicto
609 1193 784 1280 possidere
811 1193 940 1260 Naeuio
966 1195 1019 1259 ius
1043 1213 1135 1281 esse3
1167 1211 1243 1259 nam
1267 1212 1308 1259 ea
1331 1197 1384 1260 est
1406 1195 1461 1257 iu-

399 1315 558 1384 diciorum
584 1320 722 1396 natura,
754 1318 791 1380 ut
818 1302 869 1381 err¹
886 1318 1087 1383 auctoritate
1108 1315 1300 1402 Praetoris,
1329 1334 1372 1380 ex
1397 1315 1462 1379 de-

399 1442 493 1505 creto
515 1457 556 1505 ac
574 1438 731 1520 formula,
752 1439 800 1502 uti
819 1439 929 1503 iussus
947 1440 1016 1524 est,
1037 1436 1139 1503 iudex
1163 1435 1284 1503 debeat
1302 1435 1463 1522 iudicare,

398 1579 467 1625 non
487 1563 526 1624 ut
547 1557 588 1626 de
609 1561 684 1645 ipso
713 1560 933 1648 magistratu,
965 1561 1058 1625 recte
1087 1576 1131 1623 an
1160 1576 1335 1644 perperam
1363 1557 1462 1644 quid-

400 1701 495 1768 quam
517 1680 726 1762 decreverit,
748 1682 934 1770 cognoseat
956 1697 997 1747 ac
1019 1680 1228 1765 pronunciet.
1272 1732 1275 1741 .
1368 1746 1371 1751 ,

462 1836 551 1921 Quid
572 1831 711 1905 autem?
741 1839 862 1904 Nonne
884 1840 1066 1924 sponsione
1088 1840 1146 1905 illa
1167 1838 1355 1925 iudicioque
1377 1858 1462 1906 oon-

400 1963 551 2027 tinentur
580 1962 764 2045 complura,
795 1979 897 2045 quae,
923 1962 1052 2027 'etiamsi
1081 1946 1226 2028 Praetor
1246 1962 1374 2028 Naeuio
1397 1979 1463 2047 po-

399 2082 562 2167 stulante,
596 2085 635 2147 ut
657 2083 746 2149 bona
771 2079 919 2164 Quinctii
940 2081 1146 2171 possideret,
1174 2102 1300 2150 caussa
1323 2087 1464 2169 eoprcttu

400 2202 627 2290 decreuisset,
648 2207 841 2270 necessario
862 2207 974 2268 tamen
995 2205 1128 2294 integra
1149 2204 1299 2273 fuissent
1315 2196 1464 2272 relicta?

401 2325 453 2390 Ea
478 2324 570 2400 dico,
602 2343 688 2409 quae
712 2326 805 2391 iacto
828 2343 868 2391 ac
895 2329 1045 2411 tempore
1070 2327 1168 2391 etiam
1191 2328 1379 2413 posteriora
1406 2327 1464 2392 illa
1543 2306 1547 2313 ’

295 2506 297 2511 ,
401 2445 549 2541 aditione
585 2447 731 2513 fuerunt.
795 2444 894 2529 Quod
930 2467 1041 2537 genus
1075 2450 1175 2532 sunt,
1218 2449 1463 2533 possessionem

400 2569 549 2636 Naeuius
583 2567 844 2654 adprehenderit
879 2587 1003 2652 necne,
1042 2588 1102 2654 per
1138 2572 1299 2635 statutum
1334 2550 1464 2655 tempus

401 2692 647 2758 continuauerit
668 2709 794 2771 necne,
815 2693 850 2756 et
871 2692 998 2756 similia.
1396 2766 1398 2769 ,

464 2810 542 2880 Sint
563 2814 630 2878 ista
650 2830 748 2896 uera,
770 2811 850 2906 ninii
872 2816 983 2878 tamen
1005 2813 1142 2878 obstare
1163 2811 1330 2878 uidentur.
1380 2813 1464 2879 Nam

401 2935 457 3020 qui
479 2933 582 2999 semel
607 2936 739 3005 tantum
768 2934 952 2999 orationem
969 2936 1176 3019 propositam
1196 2935 1464 3023 perlustrarent,

400 3056 489 3119 ultro
511 3055 688 3141 fatebitur,
710 3074 778 3118 non
796 3055 869 3119 sola
891 3054 977 3121 haee
997 3075 1105 3141 neque
1124 3058 1282 3141 separata
1299 3057 1334 3120 in
1357 3075 1465 3139 spon-

401 3178 525 3240 sionem
543 3175 762 3262 iudiciumque
781 3175 918 3257 deduci,
938 3178 1034 3242 immo
1051 3195 1125 3243 cum
1144 3179 1289 3245 caeteris
1304 3178 1465 3264 omnibus,

403 3315 499 3383 quae,
522 3299 712 3383 priusquam
735 3298 880 3364 Praetor
900 3298 1062 3386 adiretur,
1083 3301 1183 3388 gesta
1199 3301 1294 3381 sunt,
1315 3300 1365 3365 sic
1380 3317 1466 3366 eon-

400 3408 515 3509 iungi,
541 3424 577 3484 ut
600 3420 727 3504 pariter
750 3419 793 3484 ad
815 3418 967 3486 iudicium
990 3421 1098 3486 omnia
1120 3422 1306 3505 pertinere,
1326 3422 1466 3486 uniuer-

401 3560 537 3627 sumque
560 3540 601 3606 de
624 3543 806 3626 sponsione
827 3539 983 3607 iudicium
1005 3543 1172 3631 integrum
1194 3541 1295 3610 iudici
1317 3541 1406 3608 tradi
1425 3559 1466 3609 ac

401 3665 548 3749 permitti
571 3663 748 3728 manifesto
771 3667 946 3747 appareat.

464 3784 546 3850 Plus
562 3786 723 3852 arbitror:
745 3783 834 3851 haud
851 3784 1018 3851 mediocre
1033 3785 1111 3852 inde
1125 3787 1314 3853 sententiae
1329 3766 1466 3850 nostrae

403 3906 605 3992 praesidium
625 3905 798 3973 accedere.

467 4024 598 4112 Quippe
617 4031 768 4113 constat,
791 4046 883 4111 eum,
905 4029 959 4113 qui
975 4028 1115 4093 alicuius
1130 4028 1218 4095 bona
1232 4033 1269 4094 ut
1286 4048 1330 4095 ex
1344 4028 1466 4107 Edicto

404 4132 612 4236 possideret,
634 4166 655 4213 a
675 4147 840 4214 Praetore
863 4152 897 4214 et
919 4150 1141 4234 postulauerit
1169 4152 1204 4216 et
1227 4151 1467 4235 impetrauerit,

436 4370 468 4435 8)
486 4372 554 4422 Vide
579 4386 602 4423 o.
622 4371 648 4422 8.
668 4378 695 4422 et
716 4373 760 4422 10.
785 4378 812 4422 et
837 4387 906 4437 quae
925 4387 1005 4437 supra
1025 4375 1052 4423 in
1070 4368 1145 4436 §pho
1164 4375 1189 4423 1.
1209 4355 1395 4425 tractavimus.
