3420 5280
432 523 451 582 4
536 519 628 621 Cap.
649 522 682 594 1.
735 518 794 593 De
820 525 905 594 inre
931 545 1089 595 carcesae
1119 520 1378 608 Quinctianae.

262 709 411 804 nimrim}
493 711 544 775 De
566 713 636 775 ture
658 709 834 775 constabat
856 727 927 775 aum
946 709 1098 775 Praetori
1112 714 1178 775 lum
1194 712 1281 776 inter
1295 713 1482 800 litigatores

262 822 275 859 ἀ
276 834 376 862 ⁸⁸⁸⁸⁸⁸⁸⁸
430 836 567 919 propter
582 832 748 917 peculiare
764 829 925 915 quoddam
937 836 1053 916 eaput,
1067 831 1264 899 hauddubie
1279 833 1480 911 tralatitlum‚

429 959 463 1020 in
484 955 677 1053 Dolabellae
700 971 828 1038 quoque
844 951 963 1018 Edicto
981 954 1199 1037 propositum,
1223 974 1287 1039 quo
1303 952 1480 1019 iudicatum

428 1078 512 1141 solui
536 1064 710 1140 iubebatur
724 1073 895 1157 satisdari,
916 1074 943 1136 si
963 1076 1035 1157 quis
1049 1074 1091 1139 ab
1106 1093 1146 1138 eo
1162 1078 1307 1158 peteret,
1329 1076 1423 1140 cuius
1437 1093 1480 1140 ex

427 1196 547 1262 Edicto
571 1195 741 1261 Praetoris
762 1196 850 1260 borso
871 1193 942 1258 dies
964 1192 1076 1257 XXX.
1099 1213 1256 1277 possessa
1277 1202 1401 1260 essent.

490 1318 591 1384 Cuius
612 1320 661 1382 rei
683 1319 868 1402 primarium
890 1318 985 1380 extat
1004 1316 1224 1380 testimonium
1238 1317 1271 1379 in
1287 1315 1478 1401 supradicto

426 1459 498 1524 cap.
518 1436 548 1502 8.
563 1440 723 1504 orationis
746 1457 805 1522 pro
828 1434 997 1521 Quinctio,
1024 1435 1116 1502 hisce
1136 1438 1265 1501 uerbis:

492 1557 549 1625 «A
573 1556 637 1625 On.
652 1557 836 1624 Dolabella
856 1558 1002 1647 actitata
1017 1555 1187 1623 Praetore
1200 1557 1357 1643 postulat
1372 1557 1479 1634 (Nae-

429 1678 557 1771 «uius),
587 1683 623 1744 ut
644 1679 710 1747 stbi
732 1677 914 1761 Qnirrcttas
940 1678 1133 1749 tadleatam
1153 1677 1243 1744 solat
1263 1679 1412 1745 satisdet
1432 1699 1480 1745 ea

428 1800 604 1887 «formala
626 1797 723 1883 Quoo
745 1819 791 1864 xa
813 1819 854 1864 ro
876 1818 985 1864 ouras
1001 1796 1132 1874 curus³)
1155 1820 1200 1863 ax
1214 1798 1343 1863 Eoraro
1358 1799 1479 1865 Posa-

428 1942 549 1987 «rorus
569 1941 657 1987 aoxx
687 1942 762 1987 oras
783 1941 864 1986 xxx.
885 1939 1045 1986 possessa
1067 1940 1149 1985 stur.
1190 1917 1274 1987 Non
1294 1922 1479 1987 recusabat

428 2044 651 2125 «Quirinius,
673 2047 757 2132 pala
776 2047 829 2110 tta
844 2043 1019 2108 satisdare
1032 2040 1225 2130 laberetur,
1246 2046 1277 2108 sl
1292 2040 1381 2107 bona
1395 2062 1478 2120 poe-

428 2184 548 2233 «ecssa
569 2168 684 2231 asseret
706 2181 753 2229 ea
774 2159 936 2228 Edicto.''

487 2285 631 2353 Accedit
652 2286 790 2350 atterum
813 2285 1048 2364 testimonium,
1073 2279 1158 2350 Gali
1171 2284 1314 2367 scilicet,
1337 2287 1430 2350 cuim
1444 2286 1477 2349 in

424 2404 545 2474 Comm-
566 2407 626 2473 IV.
648 2398 683 2486 §-
707 2403 776 2470 102.
798 2404 881 2472 haec
903 2408 1132 2471 continentur:

489 2526 613 2610 tand
633 2532 665 2595 si
685 2531 825 2613 prepete
846 2531 984 2593 leonine
1005 2526 1130 2616 altpals
1145 2528 1311 2594 indictam
1326 2532 1478 2614 accipiat

426 2653 489 2714 «tn
509 2666 711 2734 personans,
734 2650 839 2712 certis
861 2665 906 2712 ea
921 2652 1055 2715 caussis
1075 2649 1245 2715 sattswrt
1265 2649 1370 2738 solet,
1392 2667 1478 2737 was

427 2800 439 2828 t
452 2774 526 2854 ipse
538 2766 690 2834 Praetor
698 2766 883 2854 alprtlficat.
902 2766 1056 2848 Quarum
1066 2768 1337 2836 satisdationem
1347 2769 1479 2854 daplca

428 2909 575 2956 «catara
591 2893 661 2955 est:
691 2907 774 2955 raam
800 2893 864 2955 ant
884 2893 1028 2976 propter
1053 2907 1161 2974 perans
1189 2894 1337 2956 aetionis
1367 2894 1476 2957 satis-

428 3012 556 3077 «datnr
590 3015 654 3076 ant
684 3015 826 3094 propter
856 3028 1058 3099 personam,
1098 3013 1180 3098 pala
1214 3014 1376 3095 suspecta
1410 3015 1476 3077 sil:

458 3283 485 3349 3)
504 3287 548 3337 Sia
571 3293 642 3336 recte
662 3287 788 3337 uidentur
806 3287 921 3336 edidisse

424 3376 572 3425 seeundum
595 3375 754 3425 Lambioum
775 3375 921 3436 stauretur,

424 3464 544 3526 Orellios‚
558 3465 674 3514 Xlotaias
691 3478 739 3527 pro
749 3463 858 3525 uulgato
871 3464 921 3512 islo

422 3552 546 3617 panim
554 3553 621 3612 aas,
636 3566 704 3616 quae
714 3551 865 3615 corruptela
875 3564 922 3613 pu·

423 3648 494 3692 tatur
512 3656 542 3691 er
561 3641 696 3691 scribendi
720 3640 806 3690 forma
826 3639 922 3701 Qualia

424 3736 486 3780 nata
509 3743 576 3779 esse.
599 3730 638 3778 De
663 3728 790 3779 Codicum
812 3728 920 3786 habitu,

404 3820 453 3869 ‘ul
465 3832 544 3881 saepe
557 3818 632 3875 alias,
654 3831 747 3880 parum
761 3821 874 3865 constat.
892 3840 919 3850 -

424 3909 565 3958 Caeterum
596 3908 663 3955 miro
691 3919 782 3954 errore
812 3905 921 3966 quidam

424 3998 494 4046 hauc
506 3996 650 4046 formulam
665 3995 723 4043 siue
736 3998 816 4054 capul
825 3990 920 4050 Edicit,

424 4098 487 4148 quo.
497 4099 577 4148 quem
587 4083 715 4132 satisdare
724 4076 867 4144 oporteret,
879 4079 923 4128 de·

424 4173 576 4234 finiebatur,
589 4172 621 4221 ad
631 4172 715 4233 ipsam
725 4168 923 4219 satisdaudisti-

425 4262 588 4325 putationem
599 4264 744 4318 traxerunt,
756 4258 867 4320 eiusque
877 4258 920 4307 sli-

427 4347 921 4413 putationisiormutaoetiaminserue-

977 3292 1049 3346 runt,
1060 3288 1136 3350 quasi
1146 3287 1196 3336 sub
1206 3287 1252 3336 ilia
1262 3288 1421 3337 condicione
1431 3287 1477 3350 qut

977 3376 1132 3430 satisdarot,
1158 3374 1294 3438 stipulanti
1315 3376 1399 3426 actori
1419 3389 1477 3439 pro·

977 3464 1089 3512 miserit·
1110 3464 1168 3526 Quo
1177 3464 1318 3514 nihiisaue
1327 3470 1477 3527 potestesse

977 3552 1130 3604 absurdius.
1166 3551 1207 3602 bd
1227 3553 1300 3602 huuc
1320 3553 1431 3602 modum
1449 3553 1477 3601 iu

977 3641 1178 3702 Programmato
1190 3641 1310 3701 tenensi,
1330 3641 1478 3704 supralau-

978 3728 1054 3788 dato,
1083 3730 1224 3787 statuitur;
1249 3730 1313 3778 uites
1328 3731 1411 3793 tpttor
1430 3730 1478 3778 boo

979 3830 992 3860 a
1000 3817 1082 3866 redit:
1095 3818 1228 3879 Quinctius
1236 3817 1340 3866 nolebat
1349 3818 1477 3866 satisdare

979 3918 1033 3953 aen
1049 3906 1178 3968 formala:
1198 3905 1327 3966 Quoniam
1344 3904 1413 3954 bona
1429 3914 1484 3953 sua¹

979 4007 1031 4042 »ea
1042 3994 1134 4043 Edicto
1149 3995 1202 4042 dies
1213 3994 1294 4042 XXX.
1306 4006 1424 4055 possesso
1441 4006 1477 4041 es·

978 4087 1071 4138 «seon
1090 4095 1143 4128 non
1153 4081 1287 4131 recusabat
1301 4088 1388 4131 autem
1401 4083 1477 4130 satis·

979 4170 1062 4217 adare
1074 4184 1106 4219 ea
1116 4169 1244 4233 formala:
1256 4169 1284 4218 Si
1289 4171 1477 4230 bonapossesso

979 4264 1109 4307 cessent.»
