3420 5280
407 532 448 593 70
503 526 596 628 Cup.
623 523 673 602 Ι.
711 526 772 601 De
798 532 882 602 inre
908 551 1066 602 crcnssne
1101 527 1359 614 Quinctianae.

406 717 544 784 indicem
568 702 826 802 exposuerimus.
868 714 907 783 Si
932 735 1016 802 quae
1039 718 1125 782 iorte
1147 716 1187 782 de
1210 718 1335 782 nostris
1364 716 1463 782 addi-

406 839 567 922 derimus‚
616 841 795 924 proprioue
828 840 964 904 arbitrio
995 837 1037 904 de
1072 828 1462 924 receptts'Jureconsul-

406 966 512 1025 iorum
535 962 711 1025 sententiis
729 959 970 1025 detraxerimus
987 963 1045 1025 aut
1068 961 1329 1039 correxerimus,
1350 978 1461 1024 eorum

405 1082 546 1167 posthac
569 1085 654 1147 ratio
675 1079 843 1157 reddetur.

369 1262 372 1269 ¹
468 1240 611 1305 Primum
636 1242 738 1329 igitur
764 1244 855 1321 erat,
886 1243 943 1325 ui,
976 1241 1100 1325 siquis
1122 1220 1275 1304 Edictum
1306 1238 1386 1304 iilud
1420 1240 1462 1305 ub

350 1331 369 1356 ¹⁰
402 1364 513 1448 aliquo
544 1364 605 1427 sihi
636 1363 841 1427 commissum
873 1380 948 1426 esse
976 1363 1125 1446 putaret,
1170 1360 1361 1426 Praetorem
1390 1364 1462 1426 siue

403 1503 465 1568 pro
489 1484 644 1555 tribunali
673 1487 744 1548 siue
764 1482 815 1583 de
845 1485 946 1581 piano
976 1481 1101 1565 adiret,
1143 1483 1186 1548 ah
1220 1503 1282 1568 eo,
1318 1486 1354 1546 ut
1375 1485 1441 1547 bon

404 1604 576 1690 possidere
592 1606 654 1668 sihi
672 1605 806 1685 liceret,
829 1580 1038 1691 postularet,
1061 1607 1196 1691 eiusque
1218 1607 1283 1689 rei,
1306 1610 1461 1691 quonium

404 1727 571 1810 extemplo
593 1728 842 1811 summatimque
861 1725 931 1791 fieri
952 1730 1091 1811 posset,
1123 1743 1273 1792 caussam
1294 1728 1463 1812 probaret.

466 1882 541 1966 Quo
564 1885 655 1950 facto
677 1883 840 1973 Praetor,
874 1883 1033 1970 siquidem
1055 1886 1159 1970 prima
1185 1885 1272 1950 facie
1295 1885 1374 1950 nibil
1399 1885 1463 1950 oh-

403 2008 494 2071 stare
519 2005 704 2095 uideretur,
736 2025 844 2092 neque
867 2005 980 2071 andito
1007 2005 1219 2088 aduersario,
1253 2024 1360 2092 neque
1386 2007 1463 2091 ple-

403 2129 496 2192 niore
517 2124 666 2193 adhibita
683 2146 824 2194 caussae
843 2110 1055 2217 cognitione,
1075 2147 1183 2212 neque
1198 2128 1334 2195 decreto
1355 2132 1462 2196 inter-

404 2250 531 2334 posito,
548 2251 682 2315 iuhehat
702 2251 792 2314 ilium
815 2251 868 2335 qui
884 2251 1132 2335 postulauerat,
1154 2250 1292 2323 alterius
1309 2253 1397 2316 bona
1416 2271 1462 2317 ee

404 2369 532 2457 Edicto
550 2372 726 2459 possidere
747 2368 791 2458 2);
815 2373 886 2437 siue
904 2375 941 2435 ui
964 2368 1050 2439 Gaii
1069 2373 1182 2436 uerbis
1201 2364 1345 2454 utamur,
1368 2375 1463 2440 iubet

403 2512 446 2557 eo
474 2491 626 2558 Praetor
654 2509 718 2580 per
750 2493 824 2557 dies
852 2498 1033 2559 cnrriircnos
1070 2488 1199 2559 XXX.
1228 2496 1399 2581 possideri
1427 2500 1463 2561 et

401 2613 570 2701 proscribi
591 2610 627 2688 ³).

462 2733 561 2800 Unde
582 2735 682 2802 facile
709 2738 868 2820 apparet,
907 2740 1080 2822 utrumque
1112 2738 1164 2802 ius
1202 2741 1236 2802 et
1271 2738 1463 2822 possidendi

402 2855 713 2954 etnprosnrihendi,
759 2859 826 2921 tam
857 2874 978 2923 caussa
1012 2877 1106 2944 quam
1139 2861 1289 2944 tempore
1326 2861 1462 2926 eandem

403 2979 564 3065 originem
585 2979 716 3064 cepisse
739 2974 777 3052 4).

436 3225 464 3292 2)
496 3226 596 3278 Contra
635 3230 720 3292 uulgo,
759 3230 902 3291 statuitur,

400 3331 495 3367 coturno
513 3321 617 3382 eopnito
647 3320 775 3368 decretum
797 3319 904 3370 Praeto-

401 3419 460 3456 rem
490 3407 658 3457 reddidisse:
699 3407 785 3470 prims
823 3410 904 3471 igitur

309 3494 310 3497 ’
402 3495 469 3544 haec
488 3497 610 3559 quaestio
637 3496 703 3556 erit,
735 3511 817 3560 quam
837 3498 903 3551 inie-

401 3586 458 3633 rins
477 3589 630 3635 tractemus.
670 3585 774 3635 videsis
793 3583 821 3648 §-
841 3586 867 3635 d.

436 3667 463 3735 3)
485 3673 543 3724 Gai.
565 3674 623 3732 111,
642 3673 685 3724 79.
710 3674 902 3724 —Caeterum

403 3762 466 3809 sniis
484 3763 552 3822 erit,
583 3762 667 3811 semel
685 3764 843 3822 monuisse,
875 3766 903 3814 in

400 3857 564 3899 mutuorum
582 3851 660 3900 honis
678 3853 828 3902 uendendis
844 3854 903 3903 bre·

401 3937 479 3987 diora
493 3942 612 4000 tempora
629 3940 777 3989 obseruari.
816 3941 903 4003 Quam

402 4012 581 4075 differentiam
608 4027 734 4091 deinceps
759 4030 825 4078 nihii
845 4032 903 4079 atti·

401 4120 448 4165 net
474 4117 610 4178 prosequi.
649 4143 677 4177 ·.·
727 4116 766 4166 Be
788 4121 903 4180 proscri-

398 4205 489 4267 ptione
501 4190 572 4252 coni.
588 4203 646 4253 San.
661 4205 691 4254 de
703 4205 784 4269 henes.
795 4206 846 4265 tv,
858 4207 900 4256 12.

434 4282 463 4354 lt)
483 4291 664 4342 Vehementer
685 4301 758 4341 errat
782 4294 904 4342 Klotzins

403 4376 447 4442 (sd
466 4395 490 4431 c.
510 4381 535 4432 6.
555 4383 582 4433 h.
609 4379 687 4445 ora),
715 4382 780 4431 dom
808 4387 903 4444 putat,

961 3231 1032 3280 hona
1060 3231 1195 3295 Quinctii,
1227 3235 1382 3297 priusquam
1404 3249 1463 3298 pro·

960 3320 1166 3381 scriberentur,
1207 3335 1255 3385 per
1285 3324 1342 3373 dies
1378 3323 1460 3373 XXX.

960 3421 1083 3470 possessa
1103 3408 1205 3483 inisse,
1221 3412 1306 3474 ¹idque
1324 3415 1463 3462 communi

960 3497 1061 3548 iureitn
1070 3499 1229 3550 obtinuisse.
1244 3501 1301 3562 Qua
1309 3501 1342 3549 de
1350 3514 1378 3550 re
1387 3515 1463 3564 prae·

960 3592 1001 3635 ter
1020 3587 1080 3637 Gaii
1105 3591 1257 3652 supradicta
1282 3591 1363 3638 uerba
1384 3584 1463 3640 uide-

960 3675 996 3724 sis
1022 3676 1102 3726 huius
1132 3678 1261 3727 orationis
1287 3678 1313 3726 d.
1335 3693 1359 3727 c.
1386 3679 1411 3728 6.
1436 3685 1463 3728 et

959 3777 984 3812 o.
1011 3766 1068 3825 ta..
1100 3771 1180 3829 atque
1206 3765 1301 3817 conten
1324 3780 1348 3816 e.
1369 3768 1412 3817 15.
1431 3765 1461 3829 §-

958 3852 1003 3902 ta.
1025 3868 1086 3902 cum
1106 3868 1130 3903 e.
1152 3854 1194 3903 16.
1222 3851 1251 3916 δ.
1271 3855 1331 3913 51.·,
1352 3857 1414 3906 item
1435 3871 1459 3906 c.

959 3941 1002 3991 17.
1033 3938 1062 4003 ὃ.
1082 3941 1126 3990 nd.
1153 3955 1214 3989 enm
1243 3955 1267 3991 c.
1298 3944 1342 3993 18.
1369 3941 1397 4006 §.
1417 3945 1460 3994 56.

960 4030 1036 4091 Quae
1056 4035 1149 4079 contra
1175 4030 1267 4080 ualere
1289 4032 1356 4081 nihil
1375 4038 1462 4095 potest

960 4118 1094 4167 incertum
1121 4118 1191 4167 istud
1218 4118 1360 4183 Theophili
1391 4123 1462 4171 testi·

960 4205 1090 4255 monium.
1125 4233 1151 4242 -
1191 4206 1352 4259 Conieratnr
1380 4212 1461 4260 etiam

960 4293 1058 4344 Stieher
1084 4295 1102 4343 Ι.
1131 4295 1149 4345 1.
1171 4310 1197 4359 p·
1216 4298 1259 4349 59.
1297 4300 1425 4348 Zimmera
1441 4300 1459 4348 Ι.

960 4384 978 4431 i.
1000 4398 1025 4447 p.
1046 4385 1106 4434 250.

1443 1502 1463 1548 st
1490 1485 1590 1527 idme
1594 1496 1647 1511 ”””””

1481 1537 1549 1589 fuiss!
1561 1533 1643 1609 pn¹i33
