3420 5280
421 523 459 585 ¹8
522 517 616 621 Gap.
636 520 671 596 Ι.
722 519 796 596 De
808 524 894 597 iere
919 545 1080 597 comosus
1108 520 1372 610 minatione.

232 708 240 717 ’
266 708 384 812 Qffffi
417 709 561 793 spondet
585 715 644 775 aut
671 711 759 776 ultro
780 712 823 803 ab
849 730 890 776 eo
916 713 1112 801 stipulatur,
1141 729 1181 777 ac
1207 711 1366 798 deinceps
1391 732 1476 799 quiae

250 823 399 930 ,issssgfflff
417 830 461 896 ad
488 832 679 916 sponsionis
707 832 853 898 ordinem
882 834 1070 919 exitumque
1098 836 1283 921 pertinent,
1312 837 1384 900 sine
1414 854 1476 902 ac-

274 936 295 974 ³‘
418 952 571 1037 cipiendo
596 953 674 1019 inde
701 956 774 1020 siue
803 953 933 1020 edendo
960 953 1256 1041 persequendoque
1283 954 1404 1022 iudicio
1433 975 1477 1022 ex
1545 973 1552 987 ·

418 1093 507 1139 more
528 1077 682 1163 peragat.

479 1197 520 1261 In
535 1212 675 1281 summa,
691 1198 728 1261 ut
743 1195 787 1261 ad
802 1214 953 1263 caussam
969 1194 1117 1279 Quinctii
1132 1201 1354 1283 reuertamur,
1370 1217 1476 1285 quae-

418 1335 482 1402 que
502 1318 651 1404 proxime
673 1316 929 1403 disputauimus,
957 1317 1001 1383 ad
1027 1320 1150 1384 exitum
1177 1319 1414 1407 perducamus,
1439 1360 1477 1370 —

418 1439 527 1521 potuit
542 1439 727 1516 Dolabella,
740 1440 769 1504 si
783 1441 964 1525 sponsione
979 1458 1020 1507 ac
1035 1439 1238 1525 praeiudicio
1251 1460 1319 1507 rem
1336 1443 1478 1531 transigi

417 1560 540 1642 maliet,
561 1561 773 1643 sponsionem
788 1564 846 1625 aut
861 1562 907 1627 ita
922 1560 992 1627 fieri
1007 1563 1131 1640 iubere,
1146 1567 1184 1627 ut
1197 1562 1356 1648 Naeuius,
1374 1564 1478 1627 totius

418 1698 559 1746 caussae
579 1685 690 1763 actor,
711 1682 936 1769 imaginariam
960 1682 1121 1768 quandam
1145 1685 1306 1768 pecuniae
1322 1703 1477 1749 summam

418 1800 609 1883 aQuinctio
631 1805 850 1888 stipularetur
870 1805 931 1870 sub
954 1822 995 1870 ea
1016 1803 1224 1892 condicione,
1245 1810 1278 1870 et
1298 1805 1478 1871 tornacum

418 1941 465 1989 ecc
486 1922 617 1990 Edicto
640 1924 714 1989 dies
735 1896 866 1988 XXX.
887 1943 1048 2011 possessu
1064 1931 1197 2012 coacuit,
1219 1925 1339 1991 deinde
1356 1944 1399 1990 ex
1414 1924 1477 1991 hac

419 2047 601 2130 sponsione
628 2047 791 2111 actionem
820 2045 1025 2111 intenderet:
1056 2050 1115 2110 aut
1146 2065 1189 2110 ex
1217 2048 1389 2131 opposito,
1417 2047 1476 2112 taii

418 2165 532 2254 modo,
553 2170 590 2230 ut
605 2162 798 2247 Quinctius,
820 2167 854 2231 in
868 2167 1042 2252 principali
1057 2168 1190 2233 actione
1205 2185 1297 2251 reus,
1315 2169 1377 2233 sub
1392 2186 1478 2233 con-

417 2289 523 2353 traria
535 2286 731 2354 condicione
743 2305 764 2352 a
778 2287 907 2353 Naeuio
920 2289 1148 2372 stipularetur,
1162 2288 1312 2374 adeoque
1326 2290 1359 2354 in
1375 2308 1478 2375 prae-

382 2492 384 2499 ·
418 2407 539 2475 iudicio
561 2408 639 2474 inde
660 2411 822 2475 nascente
844 2412 878 2474 et
900 2409 1023 2498 agendi
1038 2414 1071 2475 et
1084 2408 1247 2507 probandi
1265 2429 1350 2475 onus
1368 2411 1477 2477 offici-

378 2560 382 2571 ·
419 2549 537 2615 umque
558 2530 729 2615 suscipere
751 2533 939 2619 cogeretur.
1089 2502 1316 2603 ‘'.p.n,a„„n„„.
1330 2495 1622 2595 “”⁴¹“·i[⁸*·ivsff‘⁰5³i'

265 2691 300 2756 .¹¹¹
336 2704 401 2787 ’.ξιξ
483 2689 551 2753 Iam
574 2708 672 2774 quum
694 2692 873 2776 appareat,
902 2687 981 2774 quid
1001 2688 1153 2759 ,Praetor
1180 2689 1222 2754 de
1249 2688 1478 2755 satisdationis
1693 2630 1695 2677 ⁴

287 2834 289 2837 ·
367 2820 372 2832 ·
419 2809 476 2873 iiia
498 2812 728 2875 controuersia
749 2808 839 2894 apud
860 2828 898 2875 se
920 2813 994 2873 orta
1017 2809 1388 2897 decernere‘potuerit3
1417 2832 1479 2879 su-

422 2935 535 3016 perest
550 2931 666 2994 ‘tertia
694 2932 844 3014 quaestio
879 2948 980 3015 supra
1001 2933 1188 3017 proposita,
1218 2932 1375 2998 uidelicet
1397 2932 1479 3017 qnid

422 3055 519 3115 reeta
540 3055 630 3116 turta
651 3054 788 3115 ratione
809 3051 994 3116 decernere
1015 3051 1183 3118 debuerit.

255 3243 281 3270 n
309 3246 319 3270 Ι
348 3235 405 3272 „m-
485 3170 596 3236 Primo
632 3172 708 3238 loco
744 3170 945 3256 uidendum,
980 3190 1136 3238 uerumnc
1171 3173 1272 3239 tuerit
1297 3175 1478 3260 sponsione

255 3298 310 3385 Ἢ
330 3291 405 3330 ⁰¹⁵¹”·
424 3310 492 3356 rem
513 3295 720 3381 transigere,
741 3311 785 3357 an
797 3293 924 3358 rectius
945 3293 1018 3377 ipse
1041 3295 1264 3383 cognitionem
1290 3284 1479 3362 uniuersam

425 3415 458 3478 in
481 3430 519 3478 se
540 3415 738 3498 recepturus
760 3413 891 3479 fuisset.
1056 3482 1060 3489 ,

486 3531 579 3616 Quae
608 3552 664 3599 res
694 3553 790 3619 quum
817 3535 851 3598 in
879 3537 1049 3618 potestate
1079 3539 1113 3603 et
1141 3538 1279 3603 arbitrio
1308 3536 1480 3604 Praetoris
1508 3598 1510 3611 ,

421 3658 496 3720 tota
517 3657 608 3720 esset
630 3657 754 3742 posita,
776 3661 857 3739 puto
872 3658 984 3721 tamen
999 3657 1178 3743 aliquando
1198 3659 1347 3745 potuisse
1362 3659 1479 3724 merito

421 3774 622 3862 reprehendi
643 3775 852 3860 Praetorem,
878 3780 932 3864 qui
954 3780 1065 3845 multis
1086 3783 1232 3871 negotiis
1254 3780 1425 3847 districtus
1447 3781 1479 3844 in

424 3919 460 3966 re
482 3902 578 3987 graui
600 3907 700 3985 atque
723 3898 838 3978 dubia,
860 3919 956 3985 quum
978 3902 1036 3965 uix
1057 3904 1192 3986 primam
1216 3901 1332 3967 faciem
1348 3920 1480 3990 cogno-

425 4023 546 4105 uisset,
573 4024 697 4087 temere
722 4024 780 4086 aut
802 4020 921 4106 cupide
950 4021 992 4086 ad
1022 4020 1265 4088 decernendum
1294 4010 1479 4108 prosiliret:

425 4145 545 4209 contra
569 4162 667 4229 uero,
698 4144 752 4228 qui
783 4161 845 4208 sua
876 4144 1069 4230 cognitione
1098 4144 1227 4208 minime
1259 4144 1384 4225 fretus,
1415 4163 1480 4229 quo

426 4264 625 4348 amplissima
645 4234 740 4329 fieret
761 4265 810 4329 rei
835 4263 1068 4351 inuestigatio,
1095 4282 1116 4328 a
1144 4266 1312 4330 sententia
1340 4263 1481 4330 ferenda

427 4387 461 4450 in
486 4387 589 4450 totum
618 4404 655 4450 se
683 4385 897 4466 abstinuerit,
923 4384 1134 4469 sponsionem
1162 4385 1231 4451 fieri
1259 4387 1411 4472 iusserit,
1438 4386 1480 4451 de
