3420 5280
254 695 359 767 ctos:
394 687 481 788 quid
507 684 647 762 multa?
689 684 816 762 rhetor
840 683 940 777 illic,
979 685 1017 758 in
1043 682 1215 762 docenda
1239 693 1319 762 arte

253 846 403 925 dicendi
438 849 494 922 ios
532 854 570 921 11
599 845 736 923 iudicia
766 844 887 922 obiter
916 850 1024 944 atque
1049 845 1145 920 inter
1170 828 1320 922 caetera

251 1008 478 1109 respiciens,
505 1004 567 1083 hic
592 1007 674 1107 ipse
698 1011 843 1098 orator,
871 1025 1026 1081 caussae
1046 1027 1137 1082 suae
1157 1006 1319 1081 terminis

252 1167 544 1268 circumscriptos
563 1167 601 1239 in
622 1186 738 1265 eaque
760 1163 1044 1243 demonstranda
1064 1189 1110 1243 ac
1132 1164 1321 1268 probanda
1387 1144 1390 1150 Δ

250 1332 349 1400 totus
376 1331 576 1428 occupatus
603 1327 770 1426 omnique
796 1349 911 1428 opera
933 1350 979 1403 ac
1001 1325 1125 1402 studio
1147 1327 1317 1401 intentus.

328 1558 454 1657 Atque
487 1556 601 1633 ueluti
636 1560 674 1631 in
707 1558 963 1660 sylloqismis,
1006 1581 1098 1657 quos
1138 1556 1317 1651 dicimus,

251 1718 476 1817 cogitatione
502 1715 647 1817 quidem
671 1716 835 1794 discerni
860 1715 983 1793 solent
1013 1718 1083 1792 1111
1107 1715 1173 1790 illa
1199 1738 1316 1808 enun-

251 1879 347 1951 ciata
372 1876 435 1951 uel
459 1877 585 1978 pueris
610 1877 819 1970 notissima,
843 1878 1080 1978 propositio,
1106 1878 1317 1978 assumptio

251 2044 289 2108 11
310 2037 536 2135 complexio,
562 2042 719 2113 attamen
740 2038 857 2135 quiin
881 2059 953 2111 uno
971 2036 1052 2111 siue
1071 2033 1315 2138 concipiendo
1392 2114 1394 2118 ,

249 2196 330 2268 siue
356 2193 598 2296 intelligendo
626 2196 825 2289 errauerit,
851 2197 986 2273 111111
1007 2194 1247 2273 conclusione
1268 2193 1317 2270 ad

249 2351 308 2444 id,
334 2353 433 2464 quod
458 2361 597 2431 rectum
622 2360 731 2454 atque
757 2377 881 2430 uerum
908 2361 988 2449 est,
1016 2378 1202 2455 numquam
1227 2377 1315 2455 per·

248 2513 394 2585 ueniet:
438 2514 495 2588 sic
529 2514 567 2586 in
600 2536 828 2588 caussarum
863 2511 1142 2612 defensionibus
1178 2510 1317 2612 triplex

249 2666 402 2741 habetur
426 2665 635 2741 disserendi
661 2676 928 2766 argumentum
955 2669 1103 2770 primum
1129 2670 1191 2742 lua
1214 2690 1316 2743 cout-

250 2847 388 2916 muue‚
424 2824 596 2925 legibus,
639 2825 827 2919 moribus,
863 2825 1009 2904 lldictis
1045 2829 1316 2930 magistratuum

250 2991 288 3058 11
313 3010 347 3084 q.
373 3008 411 3085 g.
438 3007 471 3059 a
499 2986 750 3079 constitutum,
783 2985 900 3061 altera
924 2989 980 3061 rei
1006 2994 1137 3088 gestae
1161 2989 1315 3091 species
1459 3082 1463 3086 Ι

248 3167 294 3220 11
316 3143 450 3244 figura,
477 3146 586 3219 tertia
610 3144 754 3223 illorum
780 3147 988 3223 coniunctio
1011 3169 1058 3223 ac
1078 3154 1197 3222 mutua
1218 3150 1315 3223 inter

247 3325 291 3377 se
328 3305 579 3404 comparatio,
627 3328 697 3403 qua
731 3328 803 3405 quo
839 3305 1044 3383 conducant
1080 3305 1237 3383 efficitur
1275 3315 1316 3382 ut

247 3459 492 3562 intelligatur:
519 3468 596 3537 1111
621 3470 740 3537 autem
766 3467 883 3540 oratio
910 3488 981 3538 una
1004 3473 1064 3541 est
1086 3474 1194 3566 atque
1215 3465 1313 3539 iudi-

246 3620 377 3714 uidua,
417 3642 510 3720 quae
535 3619 601 3694 illa
626 3624 766 3716 omnia,
806 3629 885 3697 arte
911 3621 1063 3737 quadam
1090 3631 1128 3700 et
1154 3622 1312 3701 consilio

246 3778 347 3874 fusa,
375 3786 600 3874 constructa,
622 3787 748 3857 111111
767 3804 840 3856 111
862 3782 965 3881 quasi
985 3783 1114 3883 spiritu
1138 3784 1311 3863 continet.

322 3993 448 4094 ltaque
480 3996 519 4068 in
555 3994 777 4070 orationibus
813 3995 1095 4098 interpretandis
1131 4018 1193 4072 res
1230 3998 1311 4099 ipsa
1361 3964 1364 3970 Ι

246 4150 338 4246 fert,
365 4161 404 4228 ut
426 4175 544 4253 neque
567 4154 713 4255 singola
734 4153 909 4254 quaedam
936 4157 1056 4257 capita
1080 4177 1198 4256 neque
1222 4179 1308 4232 cer-

246 4316 320 4384 tum
357 4308 503 4409 aliquod
545 4311 722 4389 dictorum
760 4335 877 4413 genus
917 4313 965 4388 ad
1001 4312 1308 4415 commentandum
