3420 5280
413 487 454 549 tt
516 484 610 587 Gap.
636 486 671 562 Ι.
722 484 784 561 De
809 489 894 575 iura
920 509 1081 562 caussae
1109 486 1374 577 Quinctianae.

246 675 394 785 ‚ffifssffir
476 674 559 760 Qua
573 676 615 751 de
643 696 681 742 re
707 674 782 740 dum
806 673 1079 779 quaeNueaiaa
1110 698 1241 764 quaeue
1264 679 1476 751 Hortensius
1570 650 1575 657 '

411 804 583 886 patronas
613 799 740 881 orauit,
776 798 896 884 aliquis
923 799 1019 864 nubis
1050 800 1245 886 tradiderit,
1279 805 1475 870 tutissimum

314 990 317 995 ,
412 923 477 1005 erit
499 918 680 1009 diligenter
700 919 897 1004 attendere,
927 923 1035 1019 utrum
1060 919 1197 991 inlitus
1218 925 1389 1009 potissime
1410 927 1475 993 de-

430 1042 579 1108 emeat.

410 1042 436 1128 f
475 1160 527 1228 At
553 1182 634 1229 uera
664 1164 719 1249 qui
741 1161 805 1229 huc
826 1164 965 1228 nomilia
994 1164 1129 1255 integra
1157 1119 1333 1254 solutaque
1364 1171 1475 1234 mente

413 1286 607 1351 arationem¹
626 1303 686 1370 pru
717 1281 874 1366 Quinctia
899 1285 1106 1376 perlegerit,
1143 1288 1235 1354 incili
1256 1290 1394 1377 negotio
1416 1307 1476 1356 re-

381 1388 536 1492 {periet,
567 1408 626 1471 uix
658 1425 723 1470 unu
759 1406 911 1471 alternue
949 1408 1053 1473 uerba
1089 1408 1287 1475 latitatiunis
1322 1428 1474 1477 caussam

387 1490 392 1555 ς
411 1529 555 1617 attingi,
577 1528 698 1593 nullam
720 1546 806 1606 rem,
828 1529 969 1613 quaein
990 1528 1177 1596 latitantem
1199 1532 1335 1616 proprie
1356 1531 1475 1618 eadat,

411 1668 520 1735 neque
541 1647 688 1742 negandi
710 1666 818 1734 neque
839 1648 1025 1715 excusandi
1044 1652 1157 1739 gratia
1178 1652 1322 1737 proferri
1334 1699 1344 1737 ,
1376 1653 1474 1719 deni-

412 1790 476 1858 que
498 1789 625 1836 omnem
647 1771 718 1835 eius
732 1788 873 1836 caussae
888 1772 1230 1837 commemoratlunem
1245 1773 1384 1858 perinde
1401 1775 1474 1841 tere

387 1895 513 2007 ,atque
542 1862 748 1978 superiorum
775 1890 912 1956 duarum
936 1892 1035 1956 talem
1058 1910 1155 1977 esse,
1190 1894 1319 1979 qualem
1342 1915 1409 1961 nou
1430 1899 1473 1964 alr

389 2010 452 2080 leo
474 2014 747 2100 exspectauerls,
774 2013 828 2097 qui
852 2012 1032 2092 periculum
1055 2012 1133 2087 inde
1155 2015 1217 2080 sibl
1239 2019 1387 2082 creatum
1410 2017 1473 2083 de·

385 2192 389 2229 ,
411 2136 569 2222 pelleret,
591 2153 704 2201 uerum
725 2135 828 2199 multu
851 2135 958 2222 magis
979 2135 1021 2200 ab
1043 2153 1113 2221 ea,
1137 2138 1193 2223 qui
1215 2140 1413 2204 tutissimum
1434 2154 1473 2205 se

383 2234 387 2307 ἶ
411 2255 474 2324 hac
496 2258 753 2343 partenentiret
761 2251 799 2330 ⁷).

474 2375 602 2447 Contra
622 2381 772 2465 quartam
794 2378 882 2459 illurn
905 2395 1078 2464 caussam,
1106 2376 1173 2461 θυι
1194 2400 1322 2448 assuas
1343 2401 1471 2448 inurere

410 2512 579 2566 offensus
611 2519 677 2564 unu
709 2517 852 2585 rurnrr,
890 2519 987 2586 quum
1018 2503 1154 2585 primum
1188 2498 1311 2569 mentio
1341 2503 1473 2588 irueldit,

409 2621 562 2687 studiose
583 2619 806 2704 adprehendit
829 2617 1013 2703 oratoru,
1033 2641 1095 2708 per
1116 2624 1212 2708 plura
1234 2623 1353 2691 deinde
1375 2627 1472 2711 capi-

408 2737 477 2817 ta⁹)
500 2742 728 2808 intentissima·
744 2759 826 2807 eura
847 2744 1073 2831 persequitur,
1100 2748 1256 2831 totusque
1278 2748 1311 2811 ln
1335 2765 1375 2812 ea
1398 2751 1472 2831 est,

408 2868 446 2929 ut
484 2882 527 2929 ex
556 2865 645 2929 illius
671 2846 842 2930 clausulae
877 2864 1006 2949 laqueis
1035 2861 1223 2946 Quinctium
1252 2869 1407 2934 exsoluat
1429 2886 1471 2935 ae

407 2986 537 3051 liberet.
579 2984 641 3051 Cui
661 2985 711 3050 rei
732 2984 819 3050 sieut
833 2984 1023 3070 iampridem
1045 2985 1079 3050 ln
1101 2989 1294 3054 narratione
1316 2994 1414 3056 caute
1436 2993 1470 3056 et

408 3107 562 3181 consulto
591 3101 881 3195 prospexerat¹⁰),
908 3107 963 3171 lta
985 3108 1083 3173 etiam
1118 3109 1150 3173 ln
1188 3103 1470 3198 peroratione¹¹)‚

407 3227 464 3292 ubi
493 3231 648 3293 caeterae
677 3244 817 3293 caussae
854 3229 972 3312 partim
1010 3229 1201 3296 breuissime
1238 3234 1470 3318 transeuntur,

407 3348 526 3434 partim
549 3350 648 3434 plane
670 3350 889 3431 omittuntur,
912 3350 1075 3439 insignem
1094 3350 1257 3438 quandam
1272 3371 1383 3420 euram
1405 3352 1469 3420 ud-

409 3469 531 3549 lllbuit,
567 3489 672 3556 eaque
705 3489 787 3536 usus
815 3474 868 3536 est
890 3489 962 3537 eum
984 3474 1154 3561 grauitate
1178 3475 1246 3537 tum
1269 3476 1366 3558 capla
1388 3494 1468 3541 uer-

407 3593 538 3678 borum,
568 3611 653 3679 quae
682 3594 837 3679 primario
859 3594 916 3658 illo
939 3595 1043 3659 totius
1064 3593 1272 3662 defensionis
1293 3595 1469 3682 iudiciique

407 3713 484 3781 luen
507 3717 540 3781 et
563 3714 675 3800 capite
697 3713 801 3804 digna
822 3718 923 3782 esset.

470 3831 622 3920 Simplex
643 3834 728 3902 haee
749 3838 836 3902 ratio
844 3884 854 3924 ,
878 3856 920 3902 ex
944 3839 1105 3904 orationis
1133 3838 1247 3905 habitu
1276 3844 1377 3925 utque
1401 3839 1466 3905 ad·
1592 3884 1595 3889 -

441 4160 470 4224 7)
490 4161 557 4214 Vide
575 4176 600 4214 c.
620 4165 663 4216 19.
682 4164 725 4216 27.
745 4163 789 4215 aa.
1001 4162 1045 4223 10)
1065 4179 1089 4216 e.
1108 4166 1134 4218 a.
1154 4167 1180 4217 7.
1258 4168 1261 4175 “

440 4251 468 4307 8)
486 4266 508 4301 c.
529 4253 572 4303 19.
1001 4256 1046 4313 11)
1066 4269 1089 4304 c.
1109 4255 1153 4305 28.

440 4337 469 4404 9)
489 4353 512 4388 e.
533 4342 644 4393 itt-ae.
