3310 5280
239 544 276 621 s.
308 535 346 605 9.
386 529 569 630 Defensio
586 533 774 630 innectes
791 532 962 627 locosque
980 531 1137 634 dipesta.
1187 534 1247 597 193

252 722 401 788 «detrude
429 711 651 802 (ostendam)
680 739 726 786 ec
754 716 887 787 Edicto
917 727 952 788 te
977 723 1156 809 possidere
1177 743 1248 791 nott
1266 740 1415 837 “officum

252 872 264 903 ι
278 847 449 931 potuisse,

250 969 447 1055 «postremo
468 983 538 1029 aton
559 963 779 1046 possedisse·

184 1088 232 1152 sio
254 1083 410 1151 uidentur
427 1087 659 1171 interpretari,
685 1088 723 1149 ut
746 1087 946 1173 apoastdece
975 1106 1044 1153 aton
1065 1093 1244 1175 potuisse·

187 1210 244 1272 «et
260 1225 329 1272 aton
348 1206 564 1293 possedisse·
584 1209 673 1271 inter
691 1224 729 1271 se
747 1211 978 1296 opponantur,
1000 1227 1106 1295 euque
1125 1209 1247 1275 distin-

183 1331 295 1395 ctione
329 1330 502 1414 utriusque
541 1329 649 1412 partis
684 1330 874 1411 proprietas
909 1332 982 1395 toto
1018 1334 1247 1419 continuatum

182 1561 238 1612 Nea
264 1565 356 1609 tamen
386 1561 456 1609 iuter
481 1570 577 1607 omues
605 1558 686 1623 plane

161 1649 321 1699 ,conuenit
371 1647 439 1699 Num
470 1659 538 1709 quos
566 1650 686 1696 extremo

182 1737 243 1787 loco
269 1736 448 1797 enumerant,
479 1740 533 1784 tres
551 1732 608 1787 VV.
627 1734 684 1784 DI).

183 1826 212 1875 in
230 1826 319 1875 medio
336 1837 359 1874 c.
374 1824 417 1874 nu,
431 1824 577 1873 terminum
591 1838 686 1887 posue·

183 1893 262 1975 runt',
289 1918 318 1963 ut
337 1926 367 1962 er
387 1918 502 1976 quatuor
520 1912 575 1961 illia
594 1911 686 1962 deien-

183 2002 268 2051 sionis
287 2002 372 2062 locis,
401 2014 469 2064 quos
487 2000 588 2051 caeteri
607 2013 623 2050 a
644 2013 685 2050 se·

183 2090 272 2139 cunda
282 2095 365 2155 ¹parte
382 2089 517 2152 anellum,
537 2090 590 2139 duo
604 2089 633 2138 in
645 2089 686 2139 in-

183 2183 259 2241 tegro
273 2178 472 2242 relinquantur.
497 2178 625 2228 Attamen
641 2190 685 2227 eo·

182 2281 243 2316 rum
261 2267 354 2329 opinio
373 2267 470 2316 iisdem
488 2265 544 2316 sere
568 2280 601 2316 aa
625 2279 685 2316 eae·

182 2361 303 2406 terarum
325 2356 433 2406 uidetur
463 2359 490 2406 et
512 2356 585 2404 uitiis
611 2354 685 2405 labo·

182 2458 244 2495 rare
261 2449 288 2495 et
306 2443 472 2507 argumentis
486 2444 639 2493 concidere.
653 2431 685 2479 -“

182 2533 282 2584 Contra
309 2547 418 2582 mecum
453 2533 573 2582 sentiunt
601 2529 686 2581 Hoto-

181 2632 296 2674 manus,
328 2620 486 2674 Manutius,
521 2617 683 2670 Monaedes,

182 2709 335 2762 Solantur,
356 2707 521 2772 Bucnoufius
539 2708 580 2766 (in
596 2707 622 2756 d.
634 2706 683 2757 Ed.

182 2797 220 2846 Le
235 2795 331 2855 Cleua,
351 2797 424 2846 unde
442 2809 511 2859 qnae
527 2797 608 2846 huius
626 2808 686 2845 ora·

182 2885 263 2935 tionis
298 2890 489 2947 argumentum
526 2885 683 2946 continent,

182 2974 353 3037 paucissimis
378 2974 512 3038 exceptis,
540 2974 568 3022 in
586 2973 685 3023 Editio-

182 3076 247 3112 nem
259 3062 387 3123 tinardi,
400 3068 481 3113 antea
491 3075 686 3112 commemora·

182 3157 253 3212 tam,
272 3152 306 3200 ad
325 3153 441 3201 uerbum
457 3151 587 3201 translata
600 3147 684 3213 suut),

182 3238 332 3289 Lematrtus
339 3240 379 3298 (in
387 3236 523 3304 synopsi).
543 3239 592 3288 His
603 3239 685 3289 etiam

182 3328 328 3376 Lambinus
345 3328 456 3390 adiungi
477 3328 561 3388 solet,
586 3328 633 3390 qui
650 3328 685 3376 ad

182 3416 265 3465 finem
290 3418 386 3478 capitis
412 3415 456 3465 27.
482 3416 521 3465 sic
539 3416 685 3465 adnotaue·

181 3506 217 3553 rit
228 3518 234 3553 :
257 3519 270 3548 ι(
280 3506 330 3553 Hic
340 3505 529 3554 desiderantur
539 3517 571 3552 ea
582 3505 684 3563 omnia,

183 3605 274 3655 «quae
288 3593 321 3642 ad
329 3594 439 3644 tertium
450 3592 593 3642 diuisionis
601 3604 686 3641 mem·

183 3683 304 3740 ebrum,
335 3695 435 3744 nempe
463 3681 595 3730 Naeuium
631 3693 686 3729 aon

184 3771 358 3830 «possedisse,
370 3771 556 3833 pertinebant:
572 3776 598 3821 et
609 3762 685 3831 praess

182 3865 281 3908 uterea
299 3872 385 3921 panea
410 3859 544 3922 quaedam
563 3872 594 3909 ex
611 3860 684 3922 prin-

183 3947 278 4009 acipio
306 3946 432 4009 epilogi.»
452 3973 486 3981 —-
523 3947 576 3997 Sed
603 3961 684 4011 quem

181 4049 285 4084 nonum
304 4034 349 4083 ille
366 4048 486 4086 errorem
507 4037 558 4085 sibi
576 4050 685 4099 compa·

182 4123 299 4183 rauerit,
319 4122 480 4185 intelligitur
492 4139 523 4175 ex
546 4127 594 4186 iis,
614 4137 684 4188 quae

183 4213 302 4276 proxime
311 4212 476 4274 praecedunt
488 4210 529 4276 (in
540 4214 587 4264 Ed.
605 4213 681 4264 1566.

182 4314 209 4363 p.
229 4296 303 4362 oui.)
334 4300 368 4349 ad
397 4301 536 4362 superiora
562 4302 683 4350 eiusdem

182 4404 207 4439 a.
227 4388 270 4439 27.
292 4389 374 4437 uerba
392 4388 505 4437 Praetu
517 4391 541 4438 te
559 4388 684 4450 quemad·

224 4495 346 4541 Semestrie,
361 4495 406 4536 nio.
420 4495 436 4534 Ι.

742 1559 851 1611 madum
876 1561 1012 1621 possidere
1037 1563 1115 1611 tussit
1144 1570 1171 1614 et
1194 1566 1245 1617 rel.

744 1645 855 1696 directa.
876 1645 922 1696 Sic
932 1648 1006 1696 enim
1019 1651 1141 1712 scripsit:
1157 1652 1246 1703 «Ante

743 1735 835 1784 «haec
853 1737 937 1786 uerba
950 1736 1017 1786 iussi
1029 1739 1146 1801 spatium
1165 1741 1247 1792 inane

744 1822 901 1887 «relinqui,
928 1831 958 1875 ut
983 1823 1068 1876 lector
1096 1829 1186 1877 minus
1208 1835 1247 1879 at·

743 1915 853 1961 «tentus
872 1912 1004 1976 intelligat
1020 1914 1123 1978 aliquid
1141 1917 1245 1967 deesse.

744 1999 850 2050 «Deest
865 2006 973 2062 autem,
993 2003 1046 2051 nisi
1059 2002 1154 2064 fallor,
1169 2008 1247 2066 priu-

743 2089 866 2149 uctptum
890 2091 963 2139 tertii
991 2090 1103 2142 membri
1135 2095 1246 2144 conclu·

742 2177 866 2240 «sionis,
903 2192 966 2227 cum
993 2180 1070 2229 hreni
1097 2185 1247 2234 commoni-

743 2265 839 2316 stione
859 2266 973 2327 iudicis,
992 2267 1044 2317 hoc
1064 2268 1164 2321 modo:
1190 2271 1246 2331 Do

743 2355 826 2415 aaut,
853 2352 881 2403 C.
905 2352 997 2417 Aquili
1007 2378 1021 2412 ,¹
1039 2357 1112 2419 quod
1128 2360 1245 2409 secundo

743 2443 825 2492 «loco
839 2442 1067 2505 polliciturum,
1100 2458 1134 2495 ea
1149 2446 1245 2498 Edicto

743 2543 757 2575 u
765 2528 902 2579 Praetoris
916 2529 986 2579 bona
999 2529 1028 2579 P.
1045 2529 1165 2591 Quinctii
1179 2533 1245 2585 Noe-

743 2619 841 2666 uua'um
856 2617 991 2678 possidere
1009 2619 1084 2668 nullo
1104 2620 1183 2670 mado
1195 2636 1244 2685 pa·

742 2706 861 2763 «tuisse,
881 2706 955 2769 quod
981 2719 1065 2770 aeque
1092 2706 1246 2770 fraudatio·

743 2796 810 2844 «als
828 2807 913 2844 eausa
936 2796 1069 2858 latitant,
1100 2810 1184 2862 aeque
1202 2813 1244 2851 en·

744 2882 831 2931 «sulii
844 2897 927 2933 causa
946 2884 1033 2934 solutu
1057 2889 1182 2944 uerterit,
1202 2904 1245 2940 ae-

744 2982 818 3033 «quc
831 2971 924 3021 absens
936 2974 1037 3022 iudicio
1052 2973 1176 3036 defensus
1190 2990 1245 3027 uon

744 3058 1242 3135 «suern,aequetonaetusuenlertnt:

743 3160 799 3198 aea
811 3150 906 3212 auibus
920 3151 1001 3200 etiam
1015 3150 1062 3205 ld,
1094 3152 1166 3213 quod
1187 3160 1245 3205 erut

744 3239 889 3292 «tertium,
909 3240 1056 3302 insculpere
1079 3240 1156 3297 ticet,
1176 3242 1244 3293 Nae·

743 3328 841 3376 cuium
868 3326 937 3376 bona
967 3326 1084 3388 Quinctii
1104 3341 1160 3377 aon
1184 3345 1244 3394 pos·

743 3416 878 3472 usedisse,·
907 3416 979 3478 quod
1000 3420 1089 3466 tamen
1105 3419 1169 3468 attat
1182 3432 1243 3480 pcr-

743 3501 843 3563 «faceta
860 3509 898 3552 est
915 3516 947 3551 eu
963 3505 1049 3564 ipsius
1061 3506 1139 3553 edicti
1155 3507 1243 3555 uerbis

743 3605 758 3637 u
768 3590 920 3640 ostendero:
934 3578 1061 3641 ¹Praetor
1079 3596 1104 3642 te
1121 3596 1243 3656 quemad-

742 3679 873 3728 «modum
891 3684 957 3729 etc.»
979 3705 1009 3715 -
1030 3680 1242 3733 Caeterumcon-

741 3767 862 3818 leuantur
881 3770 961 3818 etiam
985 3782 1055 3832 quae
1076 3768 1242 3822 Foeciolotus

741 3856 770 3914 (l.
789 3857 808 3905 l.
829 3871 855 3920 p.
881 3856 938 3920 lale.)
964 3858 1061 3919 tradit,
1093 3858 1242 3910 Martinam

741 3945 772 3994 de
791 3942 878 4007 Cyane
892 3959 924 3994 ac
939 3944 1138 3995 Merouuiltium
1151 3950 1185 3999 de
1195 3951 1241 3999 illa

741 4034 857 4097 partium
868 4034 1001 4083 diuisione
1015 4036 1150 4096 sensisse;
1171 4051 1240 4100 quo-

740 4137 800 4172 rum
817 4123 883 4171 mihi
896 4122 1017 4171 nondum
1031 4125 1107 4186 copia
1127 4124 1186 4174 luit.
1209 4150 1237 4161 —

740 4212 863 4262 Veterem
873 4211 1023 4261 sententiae
1034 4219 1141 4261 nostrae
1149 4218 1240 4261 aucto·

740 4314 797 4350 rem
824 4301 886 4349 uide
911 4299 1081 4351 Montanum
1108 4298 1241 4362 Capellam

740 4385 795 4452 (ap.
815 4387 925 4450 eappa.
941 4401 967 4450 p.
981 4384 1066 4452 lewa).

940 4495 978 4555 13

1266 855 1340 893 uenit
