3310 5280
415 485 475 547 188
528 481 622 584 Cup.
641 485 676 559 i.
729 483 790 559 De
815 489 901 561 iure
927 510 1087 563 caussae
1115 487 1378 576 Quinctianae.

258 681 381 721 Pmoun
412 676 530 739 misere
553 675 609 739 iiie
633 676 769 758 tutuno,
806 694 891 760 quse
913 678 1002 742 inter
1021 680 1135 761 cupito
1162 676 1213 742 27.
1237 683 1272 745 et
1294 678 1343 745 28.
1366 684 1473 747 inter-

411 796 517 881 cedit,
540 796 775 881 propemodum
799 795 1051 881 expleretur⁴⁵).

473 918 571 984 Nunc
593 921 641 982 uti
669 938 726 983 res
755 922 824 1002 est,
859 921 893 983 in
923 920 1015 986 iuoro
1043 923 1289 1006 reputabimus,
1326 943 1411 1009 quoe
1439 928 1473 991 in

411 1043 625 1123 peroratione
648 1042 832 1105 inuenimus
853 1060 915 1127 per
936 1042 1076 1109 indicem
1101 1048 1266 1130 repetito:
1288 1064 1362 1111 num
1385 1067 1472 1132 puu-

410 1164 459 1227 ois
479 1162 572 1228 hisce
594 1164 770 1229 uersiculis
797 1165 1079 1230 circumscribitur
1108 1170 1213 1231 omnis
1235 1169 1384 1256 cognitio
1407 1188 1473 1233 no-

410 1287 491 1349 stro.
531 1284 611 1350 Nee
627 1286 761 1374 longum
785 1287 837 1349 est
859 1286 1013 1376 integros
1035 1286 1204 1353 exhibere.

473 1478 501 1559 ς.
522 1457 573 1524 29.
595 1507 604 1525 .
628 1506 636 1524 .
658 1506 666 1524 .
701 1456 849 1526 omitum
871 1468 990 1527 autem
1011 1462 1102 1529 dorca
1123 1483 1283 1551 possessu
1305 1485 1375 1533 non
1397 1486 1472 1535 esse

473 1585 656 1669 cortsiitui:
688 1583 778 1672 quod
807 1583 974 1649 tortorum
1000 1591 1172 1672 possessio
1200 1592 1377 1674 spectetur
1401 1609 1472 1654 non

472 1708 509 1769 io
531 1703 650 1794 utiquc
677 1709 781 1790 parte
809 1705 873 1770 sed
898 1709 937 1771 in
957 1711 1150 1798 noricensis,
1184 1728 1272 1798 pecc
1294 1713 1407 1775 teneri
1429 1731 1471 1776 ae

470 1825 642 1912 possideri
673 1831 819 1912 possint.
871 1824 979 1912 Diei,
1008 1826 1142 1894 Romae
1174 1830 1313 1896 domum
1343 1829 1470 1922 titisse,

473 1967 537 2037 prro
558 1953 626 2013 iste
647 1966 691 2012 ne
718 1947 914 2034 adspirorii
935 1951 1090 2040 quidem,
1112 1969 1234 2017 seruos
1262 1954 1471 2044 complures,

471 2088 519 2134 ec
551 2068 672 2159 mribus
699 2074 766 2135 iste
792 2073 987 2157 possederit
1017 2077 1208 2163 rreminem,
1243 2092 1288 2139 ne
1311 2079 1473 2162 acciperit

471 2191 628 2281 quidem:
650 2210 758 2257 utrum
777 2189 905 2282 titisse,
928 2211 1027 2282 quem
1049 2198 1224 2281 ctiinpcrc
1241 2201 1387 2263 conatus
1402 2202 1469 2262 sti:

471 2310 684 2396 prohibitum
702 2311 830 2402 titisse,
861 2319 1043 2404 puteuisse
1095 2313 1139 2380 In
1161 2320 1238 2404 ipsa
1264 2313 1386 2385 Gallia
1408 2338 1470 2383 co-

470 2439 603 2522 puosiis
624 2440 662 2500 tn
682 2436 831 2521 praedio
853 2440 997 2519 priuato
1015 2435 1170 2519 ertrrctit
1188 2436 1276 2505 Sec.
1292 2437 1471 2506 Naeuium

471 2575 540 2623 nou
572 2562 720 2623 nutisse.
763 2554 921 2647 Denique
951 2577 998 2622 en
1027 2557 1092 2623 troc
1118 2565 1193 2644 ipso
1220 2561 1333 2650 scitu,
1370 2581 1471 2652 quem

469 2697 533 2763 per
559 2683 632 2744 uim
663 2679 809 2765 expulso
836 2683 928 2744 socio
959 2681 1129 2769 possedit,
1162 2700 1281 2747 seruos
1308 2689 1470 2769 pritrctos

472 2798 629 2881 erirociii
650 2820 720 2866 nou
742 2819 859 2866 emices
881 2806 1008 2867 eiectos
1030 2820 1114 2868 esse.

469 2974 565 3040 Huec
597 2976 695 3056 sunt,
726 2974 845 3059 quibus
877 2974 1020 3060 probare
1056 2974 1155 3041 iudici
1187 2970 1305 3041 Cicero
1331 2976 1471 3064 studet,

407 3097 586 3179 Naeuium,
607 3112 803 3183 quoeunque
825 3098 916 3184 iure,
938 3101 974 3160 ut
998 3098 1084 3161 bone
1100 3094 1246 3178 Quinctii
1269 3099 1470 3185 possideret,

441 3438 486 3502 45)
507 3438 750 3493 noctemnoctem
779 3440 907 3490 adnotet:
966 3441 1203 3505 indomagnum,
1241 3445 1312 3494 inter
1349 3458 1469 3505 omnes,

407 3530 626 3580 absciderentur
643 3528 688 3578 hic
706 3529 817 3589 omnin,
837 3542 909 3592 quae
965 3530 1080 3592 opinor,
1112 3531 1251 3581 conuenit.
1303 3533 1371 3581 Nam
1395 3535 1471 3596 quod

407 3618 462 3668 ssd
497 3624 578 3681 ceput
617 3618 768 3681 partitionis
800 3619 908 3667 tertium
963 3617 1122 3669 Klotztonoe
1148 3620 1285 3670 Edtttonis
1317 3635 1378 3671 eam
1408 3637 1471 3685 spe-

408 3708 614 3772 nperiiuebnnt,
634 3708 662 3755 in
682 3720 735 3769 quo
754 3711 845 3757 orator
863 3706 909 3756 de·
964 3706 1035 3756 ciem
1047 3720 1107 3757 esse
1117 3709 1321 3769 animaduerto,
1342 3712 1470 3774 quisine

409 3795 909 3856 «monstrubstNaeuiumbonaQuin·
964 3808 1049 3845 uuum
1074 3797 1182 3860 quidem
1203 3797 1254 3847 hoo
1275 3798 1335 3849 ioco
1353 3800 1470 3849 uerbum

407 3886 474 3934 «etii
499 3898 553 3934 non
579 3884 745 3947 possedisse,
772 3896 827 3933 nna
845 3897 907 3933 cum
964 3883 1146 3942 desideretur,
1179 3886 1251 3937 maio
1279 3889 1405 3951 equidem
1429 3895 1470 3951 ty·

407 3973 564 4036 «principio
574 3972 709 4035 epilogio,
728 3978 809 4036 sique
823 3968 907 4034 (com
964 3973 1101 4035 pothetnm
1125 3987 1254 4026 accusare
1281 3990 1364 4039 quum
1381 3977 1470 4025 credi-

400 4062 487 4122 ¹mode
508 4059 652 4123 addiderit)
680 4060 808 4116 fluetibus
834 4061 907 4123 oapi·
964 4061 1047 4120 dero,
1066 4062 1159 4112 Virum
1172 4062 1296 4126 doctum,
1317 4064 1388 4129 quod
1401 4065 1470 4114 eolis

406 4152 439 4200 tis
462 4148 574 4200 secundi
598 4150 699 4198 uerbis.
727 4173 760 4182 -
789 4149 827 4198 Ite
848 4162 907 4211 per·
964 4149 1025 4198 tuce
1044 4150 1145 4200 elarius
1163 4158 1250 4211 esset,
1283 4167 1338 4203 non
1365 4154 1469 4203 uidisse

406 4239 473 4289 tium
486 4238 621 4291 diuisione
636 4242 728 4301 postes
743 4237 906 4287 uidebimus.
964 4244 1010 4287 aut
1029 4245 1123 4289 conire
1150 4241 1273 4290 omnium
1301 4254 1468 4292 consensum

406 4327 544 4379 Lacunam
573 4338 639 4376 uero
670 4338 752 4385 esee,
792 4336 908 4388 ermque
964 4332 1065 4378 temere
1085 4342 1117 4378 ec
1136 4331 1216 4380 tacite
1234 4330 1371 4381 reiecisse.
