3352 5276
426 483 485 545 ¹62
534 479 628 582 Cup.
654 481 688 555 1.
740 479 801 557 De
826 487 911 556 iure
937 506 1097 557 caussae
1126 482 1389 570 Quinctianae.

269 697 388 740 retuso
421 675 496 736 tore
518 674 629 741 tamen
650 675 752 757 atque
773 673 822 740 ad
841 676 1039 754 epmuwsne
1059 673 1312 741 iudicationem
1333 672 1376 738 ad
1404 675 1485 738 irri-

255 757 334 878 teu
349 767 387 807 Ψ
420 794 488 857 tum
510 793 696 861 recurasse
1477 823 1481 831 ·

262 872 342 910 hm
484 911 573 996 Quid
593 908 729 981 autem‘i
751 911 790 984 Si
811 917 960 984 Naeuius
981 917 1079 982 etiam
1101 915 1285 983 faciliorem
1307 915 1484 985 humanio-

417 1054 553 1122 remque
581 1055 620 1102 se
648 1038 876 1124 praebuisset,
908 1038 1060 1124 adeoque
1091 1039 1237 1104 monitus
1267 1038 1310 1104 ab
1337 1037 1483 1120 Alieno,

417 1176 566 1244 ceptum
588 1177 663 1226 ease
682 1156 804 1244 famae
831 1179 869 1228 se
895 1158 1117 1249 fortunisque
1146 1156 1189 1225 P.
1211 1157 1368 1242 Qutrcctii
1396 1180 1483 1226 con-

417 1279 532 1345 sotere
554 1285 590 1345 et
611 1281 803 1348 aduentum
824 1286 899 1348 eins
921 1272 1192 1369 exspertore³⁶),
1220 1282 1376 1366 protinus
1404 1299 1482 1347 sese

417 1405 630 1490 collegisset,
662 1402 918 1472 misericordiam
940 1405 1105 1488 cepisset,
1134 1404 1338 1487 comiterque
1360 1421 1484 1467 morem

416 1544 541 1616 gerens
562 1526 811 1611 respondisset,
832 1543 870 1590 se
886 1544 966 1590 uero
982 1527 1254 1610 exspectaturum
1271 1542 1364 1611 esse,
1386 1523 1484 1588 dum-

416 1645 512 1712 modo
535 1649 628 1713 certo
645 1646 699 1711 die
714 1644 891 1729 Quinctius
908 1647 1102 1727 sisteretur3
1125 1645 1268 1732 denique
1283 1647 1326 1711 ab
1344 1644 1483 1731 Alieno,

416 1767 544 1833 Idibus
560 1762 816 1865 Septembribus
842 1765 1032 1850 Quinctium
1058 1766 1133 1832 sisti
1161 1768 1343 1853 stipulatus
1373 1772 1482 1850 esset,

416 1885 594 1970 Quinctius
612 1893 721 1956 autem
743 1889 776 1954 id
799 1888 1019 1954 uadimonium
1041 1906 1085 1955 ex
1106 1887 1171 1954 irde
1193 1888 1349 1954 obiisset:
1367 1886 1484 1953 nonno

415 2011 471 2076 uel
499 2012 534 2076 in
562 2029 603 2076 ea
631 2013 746 2097 specie
767 2012 856 2076 inter
877 2029 991 2076 omues
1012 2012 1225 2095 conueniret,
1255 2014 1349 2077 reete
1371 2007 1482 2090 Quin-

416 2133 517 2198 ctium
538 2110 710 2221 absentem
732 2150 807 2198 esse
829 2131 1020 2217 defensum,
1049 2151 1158 2219 neque
1179 2133 1281 2197 ullum
1303 2134 1355 2197 ius
1377 2130 1483 2196 dura-

416 2254 525 2340 uisse,
548 2272 612 2338 quo
634 2255 722 2319 bona
745 2254 817 2320 eius
836 2272 880 2319 ex
902 2252 1025 2321 Edicto
1047 2257 1106 2319 aut
1128 2253 1383 2340 possiderentur
1404 2252 1483 2317 diu-

417 2375 484 2439 tius
505 2378 563 2440 aut
584 2373 706 2442 abhinc
728 2393 889 2460 possessa
911 2393 986 2440 esse
1009 2367 1265 2442 iudicarentur?

479 2532 578 2600 Unde
607 2536 670 2599 iam
699 2539 819 2620 parata
841 2533 974 2600 uldetur
994 2533 1038 2599 ad
1060 2536 1166 2619 ipsam
1184 2553 1256 2603 rem
1279 2536 1368 2600 inter
1387 2534 1483 2603 Nae-

415 2657 503 2720 uium
526 2659 561 2721 et
582 2656 740 2721 Alienum
762 2659 872 2722 actam
895 2657 1059 2720 transitio.

480 2774 612 2863 Quippe
633 2780 667 2841 in
689 2776 753 2843 hac
772 2795 902 2862 quoque
919 2779 1155 2866 cognouimus,
1177 2778 1338 2844 Alienum
1352 2778 1483 2845 Naeuio

416 2898 637 2963 uadimonium
654 2900 858 2983 promisisse.
901 2897 942 2963 Id
964 2917 1062 2986 uero,
1084 2900 1112 2964 si
1135 2918 1208 2965 cum
1229 2902 1403 2986 superiore
1424 2900 1482 2965 ilio

416 3020 624 3102 uadimonio,
659 3019 747 3105 quod
769 3019 930 3103 temporis
954 3037 1075 3085 caussa
1097 3020 1207 3086 fictum
1230 3022 1483 3111 proposuimus,

417 3142 508 3206 nulla
537 3160 574 3207 re
603 3141 666 3204 nisi
694 3140 768 3206 ioco
797 3140 1022 3226 discreparet,
1057 3142 1165 3206 altero
1204 3143 1334 3209 scilieet
1370 3160 1483 3208 corum

416 3263 580 3328 Praetore
608 3263 716 3327 altero
744 3262 833 3347 apud
862 3263 1015 3327 tribunos
1043 3262 1150 3347 plebis
1172 3266 1366 3349 contract03
1398 3266 1483 3329 satis

415 3384 491 3449 mihi
515 3403 709 3470 persuasum
732 3387 802 3466 cst,
824 3383 940 3449 eodem
963 3385 1034 3450 iure
1056 3388 1229 3471 utrumque
1246 3387 1481 3451 omncsaesti-

415 3514 564 3571 maturos
585 3510 620 3573 et
643 3525 719 3572 esse
742 3510 776 3572 ct
798 3507 918 3590 fuisse,
950 3524 1060 3589 neque
1083 3504 1146 3573 boc
1168 3506 1212 3571 ad
1235 3506 1481 3595 defendendum

416 3625 604 3708 Quinctium
632 3628 804 3694 absentem
833 3630 960 3693 minore
989 3646 1126 3693 numero
1156 3646 1252 3712 quam
1278 3628 1360 3694 iliud
1381 3627 1482 3694 habi-

416 3755 520 3814 turos.
577 3749 662 3815 Nem
691 3750 858 3835 explorati
886 3750 969 3814 iuris
998 3747 1083 3814 duae
1109 3750 1229 3815 saltem
1250 3769 1307 3815 res
1329 3769 1405 3816 esse
1426 3752 1481 3815 ui-

417 3868 552 3955 dentur,
572 3876 705 3959 prtmo,
729 3873 784 3958 qui
806 3889 827 3936 a
848 3873 1067 3956 procuratore
1088 3873 1238 3937 absentis
1253 3871 1481 3938 defensionem

417 3993 523 4056 minus
551 3991 682 4076 plenam
711 3993 830 4057 uolens
856 3994 1044 4081 acceperit,
1081 4011 1186 4080 eaque
1218 3997 1412 4060 contentum
1443 4011 1482 4059 se

417 4111 618 4199 ostenderit,
649 4114 680 4178 ei
703 4112 744 4178 de
766 4104 906 4180 absente
927 4120 1021 4181 recte
1044 4135 1110 4180 non
1133 4113 1275 4181 defenso
1297 4119 1391 4201 queri
1412 4135 1482 4181 non

450 4335 496 4397 36)
518 4335 625 4384 Video.
647 4335 672 4384 6.
693 4350 715 4383 s.
737 4335 764 4383 fl.
