3420 5280
250 712 386 760 amiseran-

240 771 287 814 1uls
296 777 374 824 agatur.

406 519 448 582 52
493 515 606 620 Dap.
631 517 666 595 I.
717 517 780 594 De
803 520 890 594 iure
916 542 1077 594 causaue
1104 517 1367 607 Quinctianae.

470 707 564 792 Quae
586 707 729 796 denique
756 726 897 777 caussae
923 728 1054 798 omnes,
1090 728 1186 797 quam
1215 712 1282 777 sint
1305 714 1340 777 et
1367 712 1469 778 alite

406 832 581 917 proposita
607 832 846 915 alienissimae,
868 833 913 895 ⁴et
942 850 1002 915 pro
1036 834 1198 897 communi
1235 834 1468 919 exceptionum

406 955 526 1018 natura
557 951 599 1018 ad
637 952 892 1019 confirmandam
926 953 1075 1041 regulam
1109 954 1323 1041 aptissimae,
1358 955 1468 1041 palam

406 1077 459 1140 est
480 1076 681 1164 intelligere.
894 1066 898 1071 ’

469 1233 572 1300 Mitto
603 1236 749 1301 caetera.
808 1232 892 1299 Nam
922 1234 985 1300 etsi
1011 1234 1174 1323 grauibus
1208 1235 1335 1320 aliquot
1370 1233 1468 1300 nodis

406 1356 604 1440 implicatam
632 1374 707 1421 esse
740 1354 837 1420 uideo
860 1356 941 1420 iuris
962 1356 1071 1439 illius,
1107 1354 1196 1441 quod
1219 1354 1260 1421 de
1282 1356 1468 1421 absentium

405 1478 502 1543 bonis
523 1477 735 1562 possidendis
755 1475 1005 1562 uendendisque
1020 1477 1185 1559 obtinuit,
1208 1475 1478 1561 Edictorumque‘

404 1601 483 1685 post
514 1595 687 1665 Ciceronis
717 1600 861 1664 aetatem
892 1598 933 1665 de
957 1617 998 1665 ea
1018 1617 1056 1663 re
1077 1599 1334 1683 compositorum
1357 1597 1468 1662 histo-

404 1723 485 1786 riam
494 1712 551 1807 10),
582 1720 680 1786 nobis
709 1722 820 1785 tamon
849 1719 913 1786 hoc
941 1720 1016 1787 loco
1044 1721 1128 1784 satis
1156 1721 1208 1784 est
1238 1719 1467 1806 intellexisse,

403 1841 485 1907 nibil
513 1841 591 1907 inde
623 1840 846 1926 impedimenti
882 1841 1049 1924 existere,
1084 1841 1258 1925 quominus
1287 1839 1333 1905 bd
1362 1841 1467 1925 ipsius

404 1962 502 2049 huius
523 1963 682 2027 orationis
705 1967 853 2027 tenorem
876 1979 1056 2046 sanamque
1078 1958 1388 2045 interpretationem
1411 1964 1466 2026 lu-

403 2074 523 2149 dicium
544 2089 692 2149 nostrum
716 2084 919 2172 dirigamus,
940 2101 981 2149 ac
996 2085 1177 2168 propterea
1198 2086 1325 2150 relecto
1348 2084 1466 2148 latita-

403 2182 505 2270 tionis
526 2207 637 2289 capite
668 2204 850 2270 firmissime
878 2205 975 2270 nobis
1003 2202 1279 2291 persuadeamus,
1314 2204 1358 2270 ex
1380 2224 1466 2289 qua-

403 2328 481 2392 tuor
509 2327 574 2391 lllis
602 2326 713 2392 Elicii
743 2326 873 2392 caussis
901 2324 988 2391 banc
1010 2344 1106 2392 unam
1133 2322 1201 2407 Qun
1222 2345 1349 2390 assuas
1369 2344 1464 2391 ruun-

400 2460 457 2512 cm
479 2466 646 2512 nunnusus
670 2442 739 2545 ⁸u'oa
768 2465 893 2511 aunam
921 2446 1009 2513 inter
1035 2418 1196 2513 Naeulum
1219 2450 1254 2513 et
1276 2444 1465 2529 Quinctium

398 2570 565 2657 agitatam
587 2568 701 2633 fuisse.

451 2728 759 2794 ¹llerumenimuero
780 2726 845 2795 boc
866 2729 941 2793 loeo
964 2747 1085 2793 nouum
1106 2727 1374 2795 aduersariorum
1394 2745 1465 2817 ge-

265 2920 270 2927 ,
404 2868 467 2914 nus
489 2849 619 2914 obuiam
641 2850 743 2913 uenit.

466 2965 555 3035 Sunt
578 2971 663 3034 enim
685 2961 794 3050 (sicut
810 2970 872 3034 iam
887 2989 989 3056 supra
1004 2961 1234 3056 praemonui),
1256 2972 1311 3055 qui
1327 2968 1463 3034 'omnino

402 3093 571 3177 statuant,
593 3110 636 3156 ex
651 3096 794 3177 quatuor
815 3092 880 3155 illis
895 3091 1007 3158 Edisti
1029 3093 1188 3158 clausulis
1209 3094 1243 3183 ln
1265 3090 1328 3158 bac
1343 3109 1463 3157 caussa

403 3204 485 3277 nulli
519 3213 626 3279 locum
663 3213 787 3297 fuisse,
823 3231 930 3298 neque
959 3209 1147 3294 Quinctium
1179 3214 1240 3277 nisi
1269 3214 1464 3278 uadimouii

403 3334 534 3399 deserti
554 3337 613 3399 aut
634 3334 733 3418 culpa
753 3338 812 3398 aut
833 3335 968 3400 erimine
985 3334 1169 3400 laborasse.

467 3490 572 3575 Quium
593 3494 793 3558 sententiam
824 3494 956 3558 tametsi
985 3511 1027 3558 ex
1049 3491 1148 3556 huius
1170 3493 1332 3557 orationis
1353 3493 1463 3557 inter-

403 3616 553 3702 pretibus
574 3634 672 3680 unum
698 3613 878 3682 Klotziutn
899 3613 998 3681 uideo
1027 3612 1185 3680 distincte
1211 3608 1463 3699 protulisse²¹),

398 3942 460 3993 267.
496 3941 770 4007 Bethauna-Halisca
788 3941 808 3992 1.
827 3954 851 3992 c.
870 3938 900 4004 §-
992 3941 1042 3998 10),
1055 3939 1236 3992 conferantur
1253 3939 1324 3990 inter
1343 3951 1372 3989 aa
1391 3949 1461 4002 quaa

398 4031 443 4082 uc.
463 4046 489 4095 p.
509 4031 571 4082 284.
594 4057 621 4068 -
662 4031 732 4081 illud
749 4045 816 4082 uero
834 4030 901 4081 mibi
957 4043 1039 4094 supra
1057 4029 1175 4092 allegsui
1193 4029 1222 4079 iu
1240 4033 1303 4078 nota
1322 4027 1364 4078 15.

398 4125 504 4171 constat
521 4121 602 4184 (quod
621 4121 745 4172 hocloco
763 4120 900 4179 saliseaii,
992 4118 1039 4175 21)
1061 4117 1096 4167 ml
1119 4131 1144 4168 c.
1163 4116 1190 4166 6.
1215 4116 1242 4167 ’1.
1272 4115 1313 4180 (iu
1339 4120 1460 4165 exirem·

396 4209 510 4273 simplex
535 4210 664 4259 Ciceronis
696 4214 782 4259 aetate
813 4207 899 4258 Edicti
955 4209 1035 4261 noia)
1065 4209 1092 4256 et
1123 4219 1147 4254 e.
1180 4204 1223 4256 19·
1278 4203 1460 4254 Conseruntur

396 4297 439 4348 ius
458 4309 598 4360 unumque
616 4297 682 4346 illud
701 4296 803 4358 luisse,
827 4296 898 4360 quod
954 4295 1092 4349 Manutius
1108 4299 1136 4345 ei
1152 4293 1319 4346 Fucciciutru
1335 4292 1369 4343 ad
1392 4306 1417 4343 c.
1429 4291 1457 4341 ’1.

396 4386 524 4450 deinceps
543 4385 780 4436 demonstrabitur.
