3352 5276
191 537 228 614 s.
247 527 283 600 7.
310 523 370 599 Aa
392 522 455 612 θ’.
474 525 661 600 absentem
678 532 781 599 reete
796 524 1007 624 defenderit
1022 549 1148 600 necne.
1189 526 1250 589 133

254 712 341 796 Quid
369 706 482 780 enim?
511 711 619 781 Recte
641 733 826 801 anonymus
846 716 903 781 ille
934 714 976 781 V.
999 714 1041 780 D.
1064 716 1252 803 negauerit,
1270 720 1418 833 ‚mophe-

191 833 383 904 Ciceronem
411 837 586 923 quidquam
619 837 652 902 iu
681 835 900 902 orandahac
929 854 1048 902 caussa
1076 855 1116 902 eo
1142 838 1250 903 animo
1269 836 1316 878 0³⁵⁰·

192 961 378 1046 mitigasse,
407 963 587 1049 peremimus
608 955 769 1025 Naeuius
799 958 1018 1048 laederetur,
1047 977 1159 1024 nonne
1186 957 1251 1026 hoc

190 1083 264 1147 ioco
288 1082 396 1165 putuit
419 1081 484 1146 aiio
509 1079 650 1167 quodam
675 1082 831 1168 consilio,
867 1081 955 1167 quod
984 1080 1129 1167 diecret,
1160 1082 1251 1145 miti-

189 1196 301 1293 gare?
321 1202 405 1268 Num
427 1205 563 1288 praeter
582 1199 761 1269 Naeuium
782 1204 1026 1269 aduersarmm
1047 1220 1143 1267 nemo
1165 1202 1251 1267 ade-

189 1328 258 1411 rat,
291 1326 384 1391 cuius
406 1326 542 1391 auribus
564 1327 679 1389 oratur
700 1327 817 1410 posset
847 1341 987 1407 parcere
1016 1316 1130 1389 uelle?
1162 1321 1250 1405 Quid

188 1450 216 1513 si
238 1448 388 1513 iudicem
410 1451 444 1511 et
467 1447 521 1533 qui
543 1446 578 1510 in
599 1447 739 1512 consitio
762 1449 893 1528 essent,
923 1444 1065 1531 denique
1092 1447 1146 1511 uel
1168 1464 1251 1513 cae-

188 1574 280 1635 teros
301 1568 477 1634 audientes
498 1558 734 1652 respexisset?

253 1691 412 1776 Apertam
434 1690 567 1775 planius
589 1689 678 1775 quod
698 1691 819 1754 sentio.

252 1813 322 1877 Fac
344 1830 458 1876 uerum
487 1829 580 1898 esse,
615 1810 702 1896 quod
732 1829 836 1895 supra
865 1810 1015 1895 pluribus
1045 1812 1252 1898 argumentis
1326 1894 1330 1900 Α

189 1934 470 2019 confirmauimus,
492 1933 556 2000 hac
578 1951 708 2019 quoque
730 1950 872 1999 caussae
895 1930 1116 2015 Quinctianae
1137 1936 1251 1999 aetate

189 2054 328 2143 perinde
360 2075 400 2123 ac
429 2058 549 2140 postea
571 2053 660 2139 apud
685 2049 818 2123 Gaium
840 2056 1059 2140 caeterosque
1085 2056 1251 2119 Iurecon-

189 2178 314 2261 sulios,
336 2179 514 2262 explorata
534 2177 616 2242 iuris
637 2176 768 2241 ratione
785 2177 1017 2261 procuratori,
1047 2177 1101 2261 qui
1123 2176 1251 2242 abscu-

189 2304 253 2364 tem
277 2298 397 2366 iudicio
419 2298 619 2364 defensurus
640 2301 749 2382 esset,
770 2297 949 2365 iudicatum
971 2299 1056 2363 solui
1078 2297 1251 2364 satisdau-

190 2420 264 2486 dum
288 2421 407 2486 fuisset
440 2419 518 2506 quid
540 2418 691 2504 proficiet
713 2418 858 2508 Tullius,
890 2420 919 2484 si
941 2421 1082 2484 maxima
1103 2438 1188 2485 uoce
1210 2437 1251 2487 ac

190 2561 251 2626 pro
272 2562 310 2607 re
331 2540 520 2607 indubitata
541 2539 774 2624 contenderit,
806 2540 926 2604 iniuria
946 2539 1107 2605 Naeuium
1130 2544 1251 2624 postu-

191 2665 330 2753 iauisse,
366 2665 404 2726 ut
437 2661 583 2726 Alfenus
618 2665 817 2745 procurator
851 2661 1030 2728 iudicatum
1067 2663 1152 2726 solui
1188 2664 1251 2729 sibi

190 2776 404 2850 satisdaret‘t

252 2906 360 2991 Nihil,
394 2908 522 2993 opinor.
578 2900 748 2991 Siquidem
777 2924 844 2970 non
872 2906 957 2971 satis
983 2910 1036 2971 est
1057 2906 1252 2993 uociferari,

190 3030 252 3093 nisi
275 3030 373 3093 etiam
394 3027 599 3115 probauerts
619 3027 749 3113 iudiet3
782 3047 919 3112 prauam
945 3031 1055 3094 autem
1078 3047 1149 3094 eam
1171 3030 1252 3095 iuris

190 3154 352 3217 rationem
367 3147 405 3218 C.
422 3151 570 3236 Aquiilio
586 3168 759 3233 numquam
778 3152 921 3234 probare
943 3149 1119 3234 potuisset.
1142 3148 1252 3233 Quin-

190 3276 288 3339 etiam
311 3274 516 3357 pertinacius
537 3269 723 3336 iusistendo
745 3275 780 3336 et
802 3271 900 3337 iudici
918 3275 953 3337 et
968 3274 1020 3359 iis,
1039 3274 1092 3354 qui
1113 3274 1147 3335 in
1166 3290 1252 3337 cou-

189 3395 264 3459 silio
287 3396 418 3479 esseut,
447 3395 657 3478 caeterisque
685 3391 897 3459 audientibus
918 3395 1141 3478 suspicionem
1164 3396 1251 3458 inie-

190 3519 310 3601 cisset,
343 3515 469 3580 infirmo
499 3514 558 3579 ilio
589 3514 665 3580 loco
698 3533 765 3578 uno
793 3518 899 3579 totum
926 3494 1131 3597 consistere,
1163 3515 1251 3600 quod

190 3637 319 3703 'l'uiiius
351 3656 476 3702 summo
508 3634 620 3700 studio
653 3635 900 3723 contendebat,
936 3639 1030 3702 reete
1063 3633 1251 3733 Quinctium

190 3761 362 3826 absentem
384 3760 427 3825 ab
449 3756 576 3823 Alieno
598 3756 770 3822 defensum
793 3776 878 3823 esse.

253 3880 304 3944 At
325 3883 410 3945 enim
427 3882 645 3946 recusauerat
659 3877 806 3944 Alienus
823 3881 902 3964 quin
914 3879 1044 3945 Naeuio
1059 3879 1251 3947 satisdarei.

191 4000 285 4091 Ergo
321 4019 383 4067 nec
419 4003 522 4068 taceri
559 4001 594 4066 id
627 4004 758 4085 potest,
792 4018 899 4086 neque
928 4001 1000 4067 sine
1033 4006 1251 4070 excusatione

191 4124 303 4207 aitqua
324 4122 478 4208 proferri.
519 4121 618 4189 Unde
640 4122 692 4207 iit,
713 4125 750 4187 ut
771 4121 815 4187 ad
837 4122 955 4189 Naeuii
969 4125 1073 4191 uerba
1092 4122 1250 4192 «Postu-

194 4244 336 4309 «tubum
350 4247 391 4309 ut
405 4245 614 4309 satisdaret’
632 4244 760 4310 'l'uilius
773 4250 916 4329 reponat
932 4214 1077 4331 quidem:
1094 4244 1249 4311 «irritante

195 4365 449 4452 apostulatus)
496 4361 594 4446 Quod
616 4385 712 4451 quum
737 4368 839 4451 probe
861 4368 947 4432 sciat
970 4367 1089 4432 nemini
1110 4385 1148 4432 se
1166 4385 1248 4452 pro-
