3420 5280
418 421 439 480 6
524 415 616 517 Cup.
644 419 677 497 I.
729 416 791 494 De
815 420 899 495 iura
925 442 1083 492 caussae
1112 419 1372 506 punctiones.

254 608 401 705 ,3¹¹³in
417 608 655 696 litigatoribus:
692 627 775 693 quae
801 627 881 674 uero
906 609 1052 677 instabat
1076 609 1250 691 iudicatio,
1278 612 1312 675 in
1331 628 1373 675 eo
1397 613 1469 677 tota

254 721 367 760 decernere.

418 730 629 812 uersabatur,
665 727 817 808 Quiraetii
844 729 934 799 borio
962 731 1162 821 supradicto
1188 732 1286 798 modo
1307 749 1468 818 porcessa

305 934 308 937 ,
418 856 533 947 essent
561 868 678 916 itecite.

481 968 567 1051 Quid
590 990 672 1060 ergo
702 965 779 1037 esi?
807 967 1083 1053 Quemadmodum
1106 976 1212 1059 potnit
1235 973 1376 1042 Praetor
1397 993 1468 1041 eam

420 1093 644 1176 quaestionem
667 1086 877 1159 dissoluerat

481 1213 606 1298 Nempe
629 1217 735 1298 potuit
757 1220 814 1279 aut
835 1216 907 1299 ipse
928 1215 970 1281 de
991 1219 1064 1281 tota
1083 1235 1120 1282 re
1142 1233 1348 1304 cognoscere
1369 1220 1469 1303 atque

419 1333 616 1420 decernere,
637 1339 694 1399 aut
716 1336 853 1402 iudicem
875 1336 972 1420 dare,
994 1339 1048 1422 qui
1070 1357 1220 1406 caussam
1248 1343 1468 1426 cognosceret

419 1459 680 1541 sententiamque
716 1460 963 1542 pronunciaret:
996 1463 1168 1544 utrumque
1203 1464 1312 1528 autem
1347 1459 1469 1544 duplici

420 1577 524 1647 modo.

254 1772 285 1796 Η
323 1702 347 1796 '⁰
363 1771 401 1798 Μ,
481 1697 649 1786 Siquidem
666 1703 775 1785 priore
796 1705 926 1768 ratione
942 1703 1023 1767 inita
1045 1702 1201 1788 Praetor,
1223 1722 1284 1788 pro
1299 1703 1469 1790 tribunali,

420 1840 538 1887 caussa
567 1825 719 1906 utrinque
748 1827 860 1902 orata,
893 1825 1050 1913 testibus,
1086 1826 1140 1910 qui
1170 1827 1302 1906 esseut,
1334 1822 1470 1907 auditis,

420 1944 541 2008 tabuiis
557 1945 713 2029 prolatis,
735 1946 884 2010 omnibus
899 1946 1056 2030 denique,
1078 1964 1163 2030 quae
1180 1944 1305 2010 adrem
1320 1947 1471 2030 pertine-

419 2067 504 2146 rent,
516 2068 670 2148 peractis,
681 2064 860 2131 secuudum
871 2068 1063 2131 alterutrum
1071 2067 1470 2155 iitigantiamscntentiem

420 2184 583 2266 dedisset,
606 2184 816 2272 Quinctiique
835 2189 920 2252 bona
942 2189 989 2252 uti
1012 2189 1183 2271 oporteret
1205 2206 1362 2272 possessa
1380 2205 1470 2273 esse,

418 2313 477 2372 aut
500 2309 753 2391 pronunciasset
774 2312 831 2373 aut
851 2312 1025 2396 negasset,
1045 2308 1194 2394 adeoque
1214 2305 1399 2389 Quinctium
1413 2313 1471 2375 aut

420 2427 582 2493 satisdare
606 2431 772 2511 iussisset,
794 2432 851 2493 aut
877 2431 949 2494 sine
971 2431 1188 2496 satisdatione
1206 2433 1298 2496 recte
1319 2429 1470 2496 iudicium

419 2554 630 2634 accepturum
654 2569 728 2615 esse
751 2549 965 2616 decreuisset.

255 2681 291 2768 Ἣ
314 2674 334 2712 ³⁰
350 2675 400 2713 iem
481 2669 607 2738 Contra
628 2674 658 2736 si
673 2673 858 2738 intricatior
873 2673 929 2737 iila
951 2674 1100 2757 quaestio
1119 2672 1304 2752 uideretur,
1325 2689 1420 2757 quam
1435 2674 1472 2736 ut

421 2812 481 2877 pro
497 2768 500 2775 ι
514 2772 669 2858 tribunali
694 2794 782 2859 illico
805 2793 1035 2876 expediretur,
1069 2794 1204 2859 liberum
1225 2797 1298 2859 erat
1319 2792 1472 2858 Praetori

422 2912 654 2998 praeiudicium
686 2915 892 2979 constituere
923 2916 1023 2999 atque
1055 2915 1227 3003 litigantes
1260 2913 1302 2979 ad
1335 2913 1472 2980 iudicem

420 3036 604 3120 remittere,
627 3036 680 3119 qui
698 3052 736 3100 re
754 3033 868 3099 audita
882 3036 1132 3120 pronunciaret,
1155 3036 1241 3101 bona
1254 3037 1302 3100 ita
1317 3052 1473 3119 possessa

422 3161 533 3221 esseut
555 3173 675 3220 necne:
698 3175 762 3240 qua
784 3174 820 3220 re
843 3154 988 3223 iudicata
1009 3159 1043 3222 et
1065 3159 1235 3224 transacta
1257 3160 1328 3231 tota
1353 3173 1474 3222 caussa

421 3277 463 3342 ad
487 3277 678 3342 Praetorem
696 3295 873 3342 reuersura
886 3280 995 3364 esset,
1016 3282 1053 3342 at
1067 3278 1177 3343 soluta
1194 3280 1274 3363 iam,
1295 3296 1380 3362 quae
1394 3278 1473 3342 fue·

421 3403 490 3481 rat,
512 3397 723 3483 difficultate,
746 3396 786 3462 de
802 3398 984 3463 satisdandi
1003 3401 1221 3484 necessitate,
1244 3403 1342 3481 prout
1356 3417 1412 3463 res
1431 3397 1473 3464 de

423 3522 635 3604 possessione
657 3519 801 3585 iudicata
823 3520 944 3603 ferret,
966 3519 1096 3587 tandem
1122 3519 1327 3585 decerneret.

483 3641 717 3705 Verumtamen
750 3644 786 3705 ut
814 3640 965 3707 iudicium
993 3643 1149 3707 constitui
1179 3642 1309 3725 posset,
1340 3641 1473 3706 actione

423 3781 507 3845 opus
529 3765 602 3826 erat
623 3762 826 3846 formuiaque
849 3761 968 3829 Edicto
991 3764 1171 3846 proposita.
1213 3758 1262 3824 At
1278 3761 1361 3824 enim
1384 3763 1474 3825 uuila

423 3883 484 3948 fuit
506 3883 664 3967 formula,
686 3902 750 3968 qua
771 3883 907 3949 directis
926 3884 1038 3948 uerbis
1057 3882 1157 3947 iudici
1176 3884 1344 3968 negotium
1372 3880 1473 3947 dare-

423 4008 493 4089 tur,
518 4008 556 4068 ut
577 4008 797 4093 cognosceret
821 4023 861 4071 ac
886 4005 1135 4089 pronunciaret,
1161 4002 1249 4066 bona
1270 4003 1409 4068 alicuius
1429 4020 1473 4067 ex

424 4124 543 4191 Edicto
559 4126 728 4191 Praetoris
743 4125 814 4191 dies
824 4125 938 4191 XXX.
953 4141 1108 4208 possessa
1119 4124 1231 4187 essent
1243 4142 1358 4190 necue.
1378 4123 1472 4213 idrgo

424 4250 457 4310 iu
479 4248 633 4312 eiusmodi
661 4265 851 4313 caussarum
881 4246 995 4334 figuris
1016 4248 1165 4333 paratum
1187 4251 1260 4311 erat
1283 4246 1473 4330 sponsionis
