3310 5280
229 577 266 654 s.
295 566 334 639 9.
382 560 564 662 Defensio
579 565 770 663 importes
791 565 964 664 locosque
981 561 1139 666 diuestm
1180 564 1240 628 195

176 772 310 821 sessum
330 756 396 838 eit,
424 755 464 818 ut
483 755 519 818 ln
539 771 580 819 eo
601 754 679 839 ipso
701 752 891 820 discrimine
913 753 1075 821 orationis
1096 755 1275 862 membra
1287 763 1317 806 ⁰·
1322 765 1408 862 ιπηι-

177 866 498 955 constituantur⁵⁵)?
553 872 659 957 Quasi
693 893 776 941 uero
810 874 892 939 nihil
926 876 1096 961 antiquius
1130 820 1361 942 ludiones-⁹1⁸3

176 998 280 1063 fuerit
289 1014 416 1083 ,quam
438 1000 477 1062 ut
497 995 598 1063 iudex
615 998 839 1086 intelligeret,
860 1014 905 1061 ne
924 1000 1080 1083 potuisse
1101 998 1241 1086 attidem

176 1119 266 1185 bona
293 1115 440 1200 Quinctii
468 1135 512 1184 ex
533 1116 656 1185 Edicto
678 1115 865 1202 possideri,
895 1119 952 1203 qui
974 1136 1082 1204 neque
1103 1119 1242 1187 latitas,-

176 1244 247 1326 set,
283 1258 393 1325 neque
420 1239 518 1305 aliam
544 1237 658 1305 Edleti
686 1255 838 1304 caussam
870 1239 1105 1326 commisisset,
1138 1241 1175 1305 at
1196 1258 1240 1307 ex

175 1360 298 1428 Edicto
324 1365 480 1449 potuisse
495 1358 633 1446 ¹quidem
653 1360 852 1450 possidere,
874 1362 1003 1425 tautum
1023 1378 1095 1427 nou
1115 1379 1239 1455 posse-

176 1483 268 1549 disse
289 1481 467 1567 Naeuium,
503 1482 559 1567 qui
586 1481 676 1547 bona
702 1500 771 1547 non
795 1481 999 1569 uendiderit,
1037 1483 1091 1568 qui
1112 1486 1240 1549 eoelum

176 1603 318 1669 ediderit
340 1600 548 1689 Quinctium,
570 1605 627 1688 qul
647 1602 775 1668 iniussu
796 1601 970 1668 Praetoris
991 1604 1026 1667 in
1047 1605 1241 1687 possessio-

175 1744 250 1790 nem
279 1725 420 1807 miserit,
457 1725 512 1810 qui
549 1722 745 1810 possidendi
779 1723 877 1788 modo
908 1726 1092 1809 praecepta
1127 1724 1240 1792 Edisti

175 1846 322 1912 laeserit.
378 1846 481 1911 Immo
513 1845 598 1912 haee
626 1848 735 1910 omnia
762 1863 832 1912 uno
870 1845 992 1911 ordine
1023 1846 1067 1912 ab
1105 1849 1241 1914 oratore

176 1985 283 2053 eaque
317 1969 427 2034 mente
455 1968 619 2054 proferri,
655 1970 692 2032 ut
731 1970 798 2032 tam
836 1985 878 2033 ex
910 1966 1030 2034 Naeuii
1066 1986 1163 2054 quam
1196 1987 1240 2035 ex

175 2086 323 2170 Quinctii
344 2089 444 2155 laetis
470 2090 649 2173 appareat,
681 2107 723 2156 eo
749 2088 822 2155 lure
843 2078 915 2154 nou¹
933 2089 1041 2155 fuisse
1059 2088 1240 2175 Naeuium,

175 2214 213 2276 ut
240 2212 330 2278 bona
349 2208 497 2293 Quinctii
518 2230 566 2277 eae
592 2208 724 2278 Edicto
744 2211 958 2299 possideret,
988 2212 1061 2278 siue
1084 2241 1128 2254 -
1150 2211 1239 2297 quod

174 2352 274 2397 unum
294 2335 396 2418 atque
417 2331 503 2398 idem
525 2334 578 2398 est
599 2349 662 2400 nee
683 2332 749 2398 nisi
764 2331 1010 2422 adaugendam
1025 2335 1239 2421 negationem

174 2455 266 2520 ualet
274 2447 311 2533 ⁵⁶)
336 2488 379 2501 -
400 2453 578 2541 possidere
599 2456 727 2542 posset,
749 2471 861 2519 nonne
882 2472 940 2520 res
960 2454 1035 2538 ipsa
1057 2447 1239 2521 demarati

235 2574 309 2642 Nec
342 2575 508 2640 diuersam
541 2571 787 2658 interpretandi
819 2574 907 2638 uiam
947 2576 1109 2640 orationis
1141 2577 1239 2641 tenor

174 2696 416 2780 uerborumque
437 2695 584 2783 uestigia
604 2693 846 2759 demonstrant.

238 2815 382 2880 Primum
407 2814 674 2881 animaduertere
702 2818 880 2902 conuenit,
912 2818 947 2880 ln
968 2816 1095 2902 primae
1115 2835 1157 2885 ao
1178 2835 1238 2883 se-

174 2936 305 3005 cundae
345 2937 454 3023 partis
485 2936 579 3002 initio
615 2936 711 3004 breui
753 2936 894 3022 quadam
932 2936 1144 3024 praefatione
1179 2944 1238 3005 aut

174 3060 374 3125 transitione
394 3059 443 3123 uti
464 3053 701 3146 oratorem⁵⁷)3
736 3058 895 3149 eiusmodi
918 3078 999 3126 uero
1021 3061 1104 3125 nihil
1125 3079 1237 3147 appa-

207 3356 257 3427 55)
274 3358 307 3409 ln
334 3361 454 3409 mentem
479 3357 556 3408 uenit
575 3357 678 3409 ueteris
735 3357 875 3407 causatori
893 3369 1019 3407 omassum
1038 3370 1093 3410 osae
1107 3342 1235 3421 petuam,

174 3448 263 3498 illius:
292 3448 381 3499 «Nem
406 3452 435 3496 ut
452 3447 521 3496 nihil
545 3448 675 3502 intereat,
734 3457 808 3494 ocur
836 3445 967 3495 iudicium
997 3447 1083 3497 uellet
1117 3460 1237 3498 comum·

80 3520 82 3525 ⁸
175 3543 285 3587 autrum
312 3548 389 3585 nemo
420 3535 514 3585 ualeat
539 3549 575 3584 an
601 3547 677 3583 nuno
734 3546 848 3595 apere.»
885 3532 965 3584 Comi.
984 3534 1050 3583 ibid.
1069 3548 1092 3584 e.
1109 3535 1153 3585 23.
1168 3541 1234 3586 ertr.

175 3625 410 3687 «possedutae»
428 3625 522 3675 etrel.
542 3625 576 3674 de
593 3624 675 3676 Ν,Ι).
734 3622 837 3671 «docui
870 3624 1005 3671 tattonem
1037 3622 1142 3673 nullam
1172 3624 1236 3674 huic

174 3715 232 3777 ΙΙΙ,
252 3715 295 3764 39.
735 3724 750 3756 ι
759 3711 951 3774 corrumpendi
959 3709 1068 3773 samse.»
1086 3709 1234 3765 Addetltt'd.

208 3803 254 3857 56)
279 3802 354 3852 llaec
365 3802 476 3865 quidem
489 3800 598 3850 dicendi
609 3799 675 3862 flgu-
732 3813 755 3849 o.
775 3799 817 3848 30.
838 3801 909 3850 med.
941 3825 969 3837 -
1009 3800 1049 3849 lie
1067 3814 1097 3850 re
1116 3801 1189 3854 eous.
1209 3816 1233 3853 o.

174 3905 205 3941 ra
230 3904 279 3955 per
302 3904 331 3939 se
350 3892 408 3955 ipsa
427 3904 517 3954 neque
542 3889 607 3939 noui
628 3901 675 3938 ne·
731 3887 758 3937 d.
778 3888 805 3936 7.
825 3889 867 3937 19.
888 3888 932 3939 1'l.r
952 3895 979 3940 et
997 3890 1107 3952 passim.

173 3993 228 4043 que
257 3979 375 4042 suspecti
402 3980 551 4043 quidquam
577 3978 674 4037 hahet,
766 3972 813 4038 57)
832 3990 854 4025 c.
874 3977 918 4025 11.
956 3978 1038 4029 «Non
1062 3979 1113 4029 luit
1137 3992 1233 4030 caussa

174 4079 263 4130 neque
273 4067 458 4129 exemplorum
468 4066 676 4117 confirmatione
732 4076 802 4112 «eur
821 4064 981 4127 postulares.
1019 4067 1071 4129 Qui
1090 4068 1142 4118 hoo
1155 4068 1232 4117 intel·

174 4156 297 4217 indigere
324 4155 440 4205 uidetur.
489 4156 558 4206 Ecce
583 4160 675 4205 tamen
732 4151 803 4214 «ligi
821 4155 952 4215 potenti»
968 4178 998 4190 -
1017 4169 1042 4205 o.
1062 4157 1105 4206 19.
1125 4156 1232 4205 «nocui

174 4245 247 4309 quod
274 4243 343 4293 forte
373 4244 440 4293 milri
469 4244 590 4293 oblatum
613 4247 672 4293 eat:
731 4243 824 4305 «quod
848 4242 966 4304 primum
997 4243 1134 4306 pollicitus
1155 4257 1230 4303 eum,

170 4346 223 4395 pro
246 4332 367 4383 Cluentio
396 4344 418 4380 e.
443 4331 487 4380 22.
514 4336 581 4380 extr.
613 4333 674 4382 oui·
732 4344 844 4378 1....
872 4344 996 4382 caussam
1023 4333 1152 4395 omnino,
1183 4345 1232 4381 cur

175 4421 284 4472 «deatis
306 4433 418 4471 neeesse
436 4425 491 4480 eat,
510 4419 613 4468 nullom
631 4431 674 4469 ae·
732 4420 917 4482 «postularet,
949 4435 1005 4471 non
1032 4419 1131 4470 suisset
1160 4420 1232 4484 quod
