3420 5280
441 520 477 597 s.
505 509 537 581 1.
590 506 731 581 ludicii
755 509 860 605 arpo
885 516 921 580 et
945 514 1097 580 notura.
1262 503 1281 563 9

203 718 206 722 ’
232 701 328 794 aetor'
349 678 487 782 propter
506 697 660 761 iniustam
677 714 768 761 mam
789 697 1005 761 certationem
1026 696 1121 759 siniti
1143 693 1282 780 quadan
1302 688 1447 797 25:22²:

234 837 343 905 poena
363 810 557 902 plectatur?
1315 815 1346 841 ¹¹⁸·

294 912 366 1006 Nee
380 940 467 1028 iugit
482 938 665 1005 honoratio
681 939 860 1006 Romanos.
898 941 999 1003 Immo
1012 935 1167 1002 traditum
1182 953 1284 1001 noee-

234 1063 352 1147 pimus,
368 1080 427 1125 eos
446 1062 660 1147 consuluisse,
675 1065 711 1126 ut
725 1063 797 1146 pari
816 1059 911 1125 modo
926 1064 1066 1145 uterque
1081 1060 1284 1147 litigatorum

234 1185 488 1268 periclitaretur.
530 1182 711 1249 Enimuero
729 1201 825 1268 quum
847 1185 967 1246 natura
987 1200 1048 1245 sua
1073 1180 1213 1265 simplex
1240 1181 1285 1243 sit

234 1305 387 1389 sponsio,
412 1310 528 1390 atque,
559 1307 596 1369 ut
618 1303 715 1369 hodie
740 1303 868 1388 dieunt,
892 1304 1114 1386 unilateralis,
1134 1299 1285 1386 adeoque

233 1444 298 1510 qna
311 1427 490 1511 sponsione
503 1427 589 1490 alter
599 1427 737 1491 alterum
747 1426 809 1492 sibi
821 1421 1172 1513 obligauerat,.eadom
1187 1441 1285 1486 nnm-

234 1564 328 1632 qunm
350 1548 459 1631 potuit
482 1547 578 1611 alteri
600 1548 739 1613 inuicem
764 1547 942 1633 obstringi,
970 1562 1087 1609 nouam
1109 1562 1285 1628 eompara-

234 1674 353 1732 uorunt
374 1668 639 1753 stipulationem,
658 1687 735 1753 qua,
759 1669 814 1754 qni
834 1668 1014 1751 sponsione
1032 1685 1070 1731 se
1085 1666 1285 1753 obligasset,

233 1791 372 1853 inuieem
402 1790 445 1854 nb
469 1790 576 1853 altero
603 1807 714 1874 parem
741 1808 895 1853 summam
922 1787 984 1852 sub
1007 1789 1176 1852 contraria
1199 1748 1307 1883 eon-b

235 1909 365 1976 dicione
395 1911 626 1995 stipularetur,
663 1882 798 1996 eamque
830 1907 1008 1975 secundam
1039 1908 1307 1994 oflpnlaiionem'

234 2032 331 2096 etiam
346 2032 476 2096 nomine
491 2028 649 2097 distincto
663 2030 963 2119 restipulationem
983 2048 1050 2094 non
1068 2032 1286 2115 spmrstmaem
1309 2114 1311 2149 Ι

233 2156 448 2219 uocauerunt.

296 2272 371 2355 Qua
392 2273 525 2340 duarum
547 2276 794 2360 stipulationum
814 2278 983 2343 contraria
1002 2277 1090 2341 inter
1104 2294 1142 2341 se
1156 2274 1286 2340 ratione

234 2398 426 2479 eueniebat,
446 2399 484 2460 ut
504 2415 570 2461 una
589 2396 718 2482 quidem
739 2416 776 2462 re
797 2399 942 2490 iaetoue,
963 2400 999 2462 at
1014 2399 1152 2462 inuerso
1174 2393 1286 2482 modo,

234 2535 428 2602 suspensae,
444 2519 644 2583 contrariam
658 2536 789 2602 semper
801 2519 890 2582 inter
904 2537 940 2583 se
955 2519 1152 2582 sententiam
1169 2515 1287 2581 iudicis

234 2637 372 2718 ferrent,
387 2639 427 2700 et⁴
436 2640 491 2720 qui
501 2637 690 2719 sponsionis
699 2635 922 2700 aduersarium
934 2636 1178 2721 condemnaret,
1192 2636 1287 2701 simul

236 2756 496 2841 restipulationis
509 2756 754 2842 absolueretnr,
776 2759 811 2821 et
824 2760 958 2844 contram
972 2754 1113 2843 denique
1127 2758 1288 2823 alteruter

237 2876 474 2944 condemnatus
494 2879 552 2942 aut
572 2879 762 2960 sponsionis
780 2882 838 2943 aut
851 2879 1113 2964 restipulationis
1133 2897 1287 2945 summam

236 3001 329 3084 quasi
351 3016 480 3082 poenae
501 3001 631 3062 nomine
651 3000 770 3064 uictori
791 3000 935 3083 sufferre
952 3000 1100 3068 deberet.

297 3116 501 3204 Sequiturnt
514 3120 555 3185 do
566 3121 796 3205 altera‘speeie
805 3120 985 3204 uideamus,
995 3123 1050 3188 ubi
1062 3123 1096 3186 in
1107 3123 1287 3208 sponsione

236 3240 463 3306 contrahenda
472 3243 562 3307 nulla
574 3242 622 3306 rei
634 3242 845 3327 promittendi
853 3261 961 3328 poena
971 3245 1196 3330 spectabatur,
1206 3245 1288 3310 nihil

236 3361 377 3448 denique
398 3365 461 3426 nisi
480 3362 598 3429 iudicis
610 3362 651 3428 de
665 3363 860 3430 condicione
875 3367 1042 3442 sententia
1058 3367 1287 3451 quaerebatur.

297 3483 453 3549 Nimirum
475 3483 538 3550 hoo
564 3504 693 3570 quoque
715 3487 788 3549 loeo
809 3505 888 3551 reus
910 3485 1138 3571 promittendi,
1165 3488 1287 3553 iudicio

236 3607 362 3689 uictus,
382 3607 572 3689 sponsionis
586 3625 708 3670 summa
722 3609 827 3672 actori
844 3606 1124 3677 condemnabatur
1130 3628 1140 3695 3
1161 3613 1288 3695 eontra,

236 3730 405 3793 sententia
425 3726 603 3793 secundun
626 3747 663 3793 se
679 3726 757 3792 data
771 3729 963 3812 simpliciter
977 3729 1230 3817 absoluebotur,
1252 3735 1288 3796 at

236 3850 359 3913 nullum
392 3852 464 3913 erat
493 3847 776 3915 condemnationis
805 3850 1001 3934 perieulum,
1031 3849 1117 3936 quod
1148 3851 1287 3918 inuicem

237 3973 343 4036 actori
364 3971 555 4035 immineret.

298 4091 415 4175 Neque
429 4094 538 4156 tamen
551 4095 730 4176 propterea
739 4095 991 4178 restipulatione
1003 4113 1088 4181 opus
1102 4113 1177 4161 esse
1190 4091 1287 4160 uide-

240 4211 352 4295 batur,
375 4230 438 4297 quo
460 4215 566 4303 magis
586 4216 745 4300 aequitati
768 4216 1005 4281 consuleretur.

301 4328 388 4413 Quid
410 4351 492 4421 ergo
520 4329 597 4402 esti
628 4334 816 4403 Secundum
842 4340 1043 4423 superiorem
1066 4337 1199 4426 figuram
1223 4356 1286 4422 quo
