3310 5280
381 536 444 598 262
561 532 655 634 Cup.
684 532 743 607 11.
796 530 857 606 Do
882 535 1075 608 uarietate
1100 534 1271 606 iectionis

238 687 286 739 (inp.
302 684 336 727 27.

214 742 275 797 ,uu
296 742 361 785 uua.
507 716 644 807 licebit]
666 723 773 789 Deest
794 726 827 788 in
851 722 910 791 Pe·

508 846 671 912 domiuum
707 836 838 932 iuquit]
881 847 1071 912 dominium
1107 845 1230 930 iuquit:
1266 843 1316 911 Pl.
1350 836 1445 926 (sem
1526 858 1529 864 ’

549 960 613 1050 ιιι.)
633 1001 676 1014 -
697 969 780 1036 dum
801 970 925 1054 iuquit:
946 967 1017 1034 Pm.

508 1109 580 1157 eum
603 1092 710 1176 ipsum
733 1108 763 1175 q.
785 1081 916 1170 fraud]
939 1109 1016 1157 cum
1038 1090 1144 1174 ipsum
1168 1108 1198 1174 q.
1219 1088 1342 1156 fraudu
1363 1088 1425 1156 Pk.

508 1231 580 1279 eum
610 1215 717 1299 ipsum
747 1231 841 1298 quem
870 1211 993 1278 iudicio
1015 1230 1111 1278 nemo
1135 1203 1319 1292 defendat]
1351 1212 1447 1278 Haec

550 1337 670 1420 uerba,
692 1333 781 1419 apud
803 1330 971 1400 Orellium
985 1332 1194 1421 typographi
1213 1351 1328 1399 errore
1343 1336 1448 1400 omis-

550 1452 668 1538 sum),
695 1458 817 1542 ubique
839 1455 1015 1522 habentur.
1059 1451 1131 1524 Sed
1153 1457 1188 1520 iu
1209 1454 1280 1541 Pk,
1304 1475 1345 1521 m.
1367 1474 1448 1521 cum

548 1597 609 1661 pro
640 1596 719 1645 eum
742 1569 879 1660 (itidem
907 1579 941 1643 in
970 1577 1032 1645 Pk.
1066 1581 1145 1662 post
1174 1595 1292 1644 uocem
1320 1574 1447 1662 defeu-

551 1692 662 1783 dat],
698 1700 818 1768 deiude
854 1718 916 1784 pro
951 1698 1121 1793 defuidut
1162 1697 1369 1784 defendit·
1411 1700 1448 1763 iu

553 1824 713 1889 omnibus.

257 1989 281 2000 -
326 1968 359 2012 ιι.
506 1937 668 2028 inuitum]
690 1947 864 2012 inuictum:
886 1943 957 2030 Pd,
979 1944 996 2008 f
1016 1934 1091 2030 (pr.
1114 1935 1190 2026 ιιι).

256 2112 278 2122 -
325 2090 359 2132 ιι.
507 2057 662 2149 detrudi]
684 2067 800 2133 trudi:
823 2065 879 2151 Pl,
901 2086 941 2130 m.

381 2181 417 2270 S.
432 2187 484 2255 85.
505 2189 602 2275 profi
623 2190 684 2256 tibi
712 2191 746 2252 iu
776 2208 830 2274 pu.
852 2191 991 2272 praetor
1011 2188 1056 2272 ip.
1079 2182 1162 2255 Sex.
1183 2179 1315 2269 Naeui]
1352 2188 1450 2273 profi.

548 2317 587 2378 iu
606 2330 663 2398 po.
684 2314 829 2396 praetor
849 2313 895 2394 ip.
916 2309 981 2376 tibi
1001 2306 1139 2376 Naeui:
1165 2308 1228 2375 Pk.
1251 2340 1289 2354 -
1312 2305 1449 2378 caeteri

548 2434 720 2523 uulgatum
749 2435 900 2520 tuentur,
931 2432 994 2497 nisi
1025 2430 1115 2517 quod
1140 2430 1387 2518 proficiscendi
1413 2436 1449 2498 iu

549 2554 617 2641 Pa,
638 2555 668 2639 i,
687 2552 886 2642 proficienti
907 2554 942 2618 iu
963 2551 1026 2618 Pu.

507 2666 611 2757 dicit]
633 2677 758 2742 edicit:
780 2673 842 2741 Pk.
863 2704 905 2716 -
926 2675 1038 2742 dixit:
1059 2673 1111 2740 Pl.

508 2800 557 2864 ita
580 2796 753 2883 possideto
775 2800 813 2861 ut
835 2802 944 2862 tecum
965 2796 1063 2863 simul
1079 2796 1252 2882 possideat
1267 2786 1448 2880 Quintius]

548 2920 682 2985 Desunt
703 2920 738 2983 in
759 2917 812 2984 Pk
833 2910 939 3003 (puto
961 2936 1004 2984 ne
1025 2919 1164 2986 uuutore
1186 2923 1302 2987 cureat
1326 2917 1448 2987 Schei-

551 3047 618 3108 tzii
641 3031 854 3128 typotheiaJ.
954 3028 957 3033 ⁴

507 3167 559 3231 uis
588 3183 631 3229 ne
658 3152 841 3244 afferatur]
873 3163 926 3227 uis
947 3181 1018 3229 uon
1039 3162 1214 3230 afferatur:
1237 3162 1300 3230 Pk.
1323 3192 1365 3208 -
1391 3170 1447 3232 ius

551 3305 595 3351 ue
616 3282 821 3368 auferatur:
844 3282 911 3370 Pa,
933 3284 971 3370 b,
993 3301 1028 3373 c,
1051 3302 1085 3371 e,
1108 3285 1137 3370 f,
1158 3305 1198 3374 g,
1220 3287 1250 3372 l,
1270 3306 1317 3373 m,
1339 3305 1373 3351 n.
1406 3287 1446 3351 Iu

548 3407 610 3491 Pi,
637 3409 668 3492 l,
696 3426 737 3471 m.
765 3424 836 3471 uon
864 3424 925 3489 pro
955 3424 1019 3489 ηις
1047 3407 1080 3470 in
1107 3405 1172 3492 Pu,
1193 3427 1229 3498 g.
1250 3407 1448 3494 aufferatur

550 3549 612 3616 pro
635 3526 748 3615 aufer.

507 3657 545 3717 iu
566 3651 601 3717 id
623 3641 827 3737 quemadm]
850 3654 890 3716 iu
911 3650 1123 3739 quemadm:
1146 3626 1199 3716 Pl.

509 3794 581 3840 eum
604 3776 659 3860 qui
681 3792 750 3839 nou
769 3772 910 3838 latiturit
926 3818 934 3835 .
951 3817 960 3836 .
975 3818 983 3836 .
996 3817 1006 3836 .
1019 3778 1221 3857 procurator
1236 3765 1352 3854 esset]
1373 3774 1447 3839 lie-

550 3898 689 3962 suntin
717 3894 759 3960 B.
787 3893 856 3976 Pb,
884 3912 919 3973 c,
948 3893 1056 3984 ὼς,
1083 3893 1121 3977 h,
1151 3896 1294 3975 i,n.-
1323 3894 1446 3961 IuPe.

380 4216 485 4265 iissima
508 4213 656 4263 uerborum
676 4211 765 4261 iubere
791 4218 818 4262 ei
845 4214 886 4261 ui-
979 4212 1045 4274 153)
1063 4212 1141 4263 coni.
1162 4213 1284 4264 Klotzius
1301 4214 1330 4265 iu
1348 4214 1450 4265 subno-

381 4304 438 4352 deri
456 4301 628 4365 permutatio.
665 4299 733 4349 Vide
748 4313 840 4363 supra.
855 4301 884 4351 C.
944 4301 1045 4351 iuiioue
1064 4301 1092 4351 h.
1113 4301 1131 4351 Ι.

383 4392 408 4440 1.
428 4387 457 4452 5.
476 4389 503 4440 7.
524 4403 551 4452 p.
571 4388 632 4439 127.
654 4402 731 4452 seqq.
