3420 5280
414 524 455 586 ⁷i
515 521 609 623 Gap.
635 523 669 598 1.
721 521 782 598 De
807 527 891 598 iure
917 547 1076 599 caussae
1104 523 1364 612 Quinctianae.

280 764 306 792 ,2
321 751 363 791 ρο,
412 716 501 780 aeris
515 715 631 796 alieni,
653 731 749 797 quam
770 714 900 796 aequali
922 715 1138 797 proportione
1161 694 1383 780 creditoribus
1397 714 1471 778 sol-

327 912 332 915 ·
412 836 552 901 uendam
579 837 763 901 licitatores
788 834 963 921 oiicrrent3
996 834 1163 922 adeoque,
1201 833 1469 919 quemadmodum

411 958 496 1023 alias
515 958 739 1043 pecuniarium
762 928 902 1040 pretium
923 957 1082 1022 licitando
1105 957 1220 1022 contici
1240 958 1344 1038 solet,
1366 958 1415 1022 sic
1436 957 1469 1020 in

410 1080 468 1144 illo
492 1079 658 1144 bonorum¹
680 1076 929 1143 uendendorum
963 1096 1089 1161 genere
1118 1082 1313 1143 certissimis
1346 1068 1405 1157 (ut
1427 1075 1470 1141 ad

411 1201 607 1266 nostratium
640 1197 795 1283 loquendi
828 1197 1100 1265 consuetudinem
1134 1189 1313 1278 accedam]
1348 1180 1470 1266 oblatis

411 1320 616 1404 adiectisque
638 1321 846 1401 certabatur,
881 1323 982 1404 atque
1004 1322 1142 1385 uictoris
1170 1321 1245 1386 loco
1269 1320 1469 1405 habebatur,

412 1444 466 1528 qui
500 1461 560 1527 pro
595 1442 736 1506 maxima
768 1445 864 1525 parte
899 1439 1121 1523 creditoribus
1153 1443 1400 1508 satisfacturum
1432 1458 1469 1505 se

411 1563 580 1648 pollicitus
602 1565 693 1628 esset
708 1558 759 1637 ¹³).

417 1734 421 1747 ‘
474 1704 676 1787 venditione
702 1720 750 1784 ita
779 1721 949 1788 celebrata
978 1720 1216 1805 praedictoque
1244 1722 1301 1785 illo
1331 1721 1470 1809 triginta

411 1841 536 1933 dierum
557 1843 667 1927 spatio
694 1844 875 1928 praeterito
897 1843 1057 1928 reliquum
1079 1845 1166 1927 erat,
1199 1847 1235 1907 ut
1265 1861 1287 1906 a
1309 1844 1469 1930 magistro

411 1966 500 2032 bona
521 1965 678 2049 emptori,
706 1982 812 2048 penes
833 1982 927 2049 quem
949 1965 1089 2029 licitatio
1110 1966 1342 2043 remansisset,
1371 1962 1470 2028 addi-

412 2091 577 2154 cerentur.
623 2079 792 2170 Maptsiti
823 2086 908 2150 enim
937 2104 1004 2149 non
1031 2062 1215 2150 Praetorts
1247 2085 1350 2150 tuisse
1383 2087 1469 2151 bona

412 2206 586 2289 addicere,
618 2199 1032 2284 omnescoosentiunt14).
1075 2206 1126 2271 De
1149 2225 1189 2272 eo
1213 2209 1397 2291 quaeritur,
1426 2226 1470 2271 an

447 2513 493 2569 13)
522 2513 599 2563 Hanc
631 2513 768 2563 uendendi
793 2512 913 2563 emendi·
969 2513 988 2561 l.
1011 2513 1095 2576 pos.
1132 2514 1263 2563 Zimmern
1281 2515 1299 2563 l·
1317 2514 1337 2562 l·
1360 2528 1386 2577 p.
1406 2513 1468 2564 253.

412 2615 465 2665 que
487 2603 619 2653 rationem
641 2603 801 2661 obtinuisse,
833 2601 913 2651 hodie

412 2691 483 2739 inter
508 2704 603 2740 omnes
624 2690 681 2740 iere
708 2695 831 2750 constat,
861 2700 913 2738 noc

412 2779 547 2828 immerito
556 2779 642 2839 ,iicet
653 2793 736 2828 unum
750 2779 826 2838 illud,
842 2777 912 2841 quod

412 2866 503 2916 afferri
527 2867 611 2927 solet,
645 2867 777 2929 Theophili
795 2866 912 2916 testimo-

412 2956 488 3005 nium
519 2955 594 3004 omui
620 2968 669 3004 suo
697 2956 789 3004 habitu
814 2955 914 3004 mirum

413 3044 441 3093 in
475 3042 585 3093 modum
613 3047 742 3106 appareat
769 3056 912 3103 mancum,

412 3132 571 3192 lubricum,
611 3131 753 3181 contusum
784 3133 914 3196 uarieque

413 3224 580 3283 corruptum.
618 3219 677 3282 Quo
690 3225 780 3269 tamen
793 3234 855 3269 oum
869 3222 913 3270 ad·

412 3309 601 3369 hibuerimus,
641 3309 711 3372 quod
749 3308 831 3359 Gaius
875 3310 913 3365 (in

414 3397 518 3455 Comus.
541 3397 590 3446 lll.
615 3393 662 3459 Sd.
679 3397 793 3448 79-81.
815 3397 860 3448 lv.
883 3394 912 3460 §.

412 3482 469 3549 35.)
489 3486 654 3541 ualidissimo
679 3486 838 3547 coufirmat,
867 3487 914 3537 bo-

305 3632 306 3637 ,
411 3590 509 3626 norum
528 3582 678 3639 emptorem
705 3576 732 3625 io
754 3577 913 3625 uniuersum

412 3666 453 3714 ius
467 3666 639 3727 successisse,
659 3679 690 3714 ac
706 3671 847 3728 propterea
857 3678 914 3714 oro-

411 3753 914 3818 olitoribusquoqueobstriotumiuisse

412 3838 452 3903 (u.
469 3838 497 3902 5.
509 3841 553 3891 81.
563 3844 638 3896 extr.)
651 3877 658 3901 ,
679 3855 768 3905 neque
788 3843 913 3905 pecunia·

412 3929 453 3978 rio
489 3929 657 3990 singularum
689 3931 847 3980 omniumue
871 3945 912 3980 re·

413 4031 473 4067 rum
509 4018 594 4080 pretio
630 4017 740 4078 deiungi
774 4020 910 4080 potuisse3

414 4106 573 4156 necessitate
603 4107 719 4169 quadam
746 4105 817 4156 effici
838 4106 913 4157 uide-

413 4202 473 4256 tur,
497 4200 526 4245 ut
552 4194 599 4245 illa
623 4195 662 4244 roi
693 4195 801 4257 imago,
831 4209 912 4259 quam

413 4298 493 4349 supra
507 4284 789 4348 repraesentauimus,
814 4284 913 4334 animis

413 4375 591 4437 imprimatur.
612 4395 645 4413 ·-
682 4372 760 4425 (loni.
780 4372 877 4425 Siteon
892 4373 912 4423 i.

969 2615 1026 2664 seq.
1064 2602 1338 2666 Retineuda-Hoilwcp
1362 2602 1379 2650 i.
1402 2602 1422 2651 l.
1442 2616 1468 2666 p.

970 2690 1030 2740 309.
1058 2704 1116 2754 seq.
1162 2690 1277 2755 Savipoy
1300 2691 1428 2741 Zetischr.
1448 2689 1469 2740 i.

969 2779 1061 2841 gesoh·
1090 2779 1121 2828 R.
1150 2779 1195 2829 W.
1222 2779 1253 2827 Τ.
1285 2779 1320 2827 11.
1354 2794 1380 2843 p.
1408 2779 1469 2829 ³75.

972 2866 1073 2916 Walter
1088 2867 1122 2916 R.
1142 2865 1174 2916 G.
1196 2881 1221 2930 p.
1241 2866 1301 2916 768.

1004 2951 1049 3016 to)
1068 2956 1198 3004 Zimmera
1215 2955 1235 3004 i.
1254 2955 1273 3003 l.
1294 2969 1321 3018 p.
1335 2955 1396 3006 253.
1412 2969 1469 3020 seq.

969 3043 1244 3108 Buttmann-Holiwep
1270 3043 1289 3091 i.
1317 3044 1336 3092 l.
1363 3059 1389 3107 p.
1409 3045 1469 3095 300.

970 3131 1068 3180 Sticter
1085 3131 1104 3179 i.
1118 3132 1137 3181 l.
1152 3146 1178 3194 p.
1192 3131 1236 3181 oo.
1255 3131 1352 3196 Puppi,
1372 3134 1468 3205 iiheiu.

970 3219 1040 3270 Mus.
1060 3218 1080 3269 i.
1101 3221 1212 3283 lurispr.
1230 3221 1261 3269 T.
1279 3221 1314 3270 ll.
1336 3236 1362 3285 p·
1382 3222 1424 3272 90.
1439 3247 1469 3257 -

970 3310 996 3358 ls
1028 3308 1134 3359 solenni
1164 3310 1309 3359 addictioui
1336 3324 1351 3360 a
1387 3311 1470 3373 magi·
1539 3344 1544 3351 -

970 3403 1052 3447 stratu
1073 3412 1121 3460 pro
1140 3403 1269 3462 potestate
1281 3398 1421 3448 faciendae
1432 3400 1470 3449 lo·

970 3500 1032 3536 com
1049 3485 1132 3536 fuisse
1157 3492 1183 3538 et
1208 3488 1298 3536 statuit
1323 3492 1349 3536 et
1371 3494 1468 3550 negat,

970 3579 1050 3638 prout
1070 3579 1117 3624 aut
1143 3576 1251 3639 publice
1278 3581 1323 3625 aut
1342 3578 1469 3640 priuatim

971 3665 1041 3713 bona
1058 3665 1204 3714 uenierint.
1251 3665 1308 3726 Qua
1329 3666 1362 3715 ds
1383 3680 1412 3715 re
1433 3666 1469 3715 ci·

969 3757 1060 3802 tantur
1084 3752 1165 3803 Goion
1190 3754 1217 3802 in
1240 3752 1345 3803 Comm.
1369 3755 1418 3804 lll.
1438 3752 1466 3816 §.

970 3840 1029 3890 15t.
1050 3845 1077 3891 et
1097 3842 1180 3891 Varro
1199 3841 1232 3890 de
1254 3842 1285 3891 ii.
1306 3843 1336 3890 li.
1357 3842 1395 3902 ll,
1423 3843 1466 3892 10.

969 3930 1061 3993 Neque
1081 3929 1242 3991 negligenda
1271 3935 1333 3979 sunt
1358 3933 1387 3979 ia
1409 3932 1469 3980 Ver-

968 4032 1022 4069 rem
1031 4018 1053 4078 l,
1063 4017 1106 4067 52.
1118 4022 1161 4071 5-i.
1173 4031 1195 4067 s.
1208 4018 1234 4069 fi.
1243 4047 1275 4057 -
1288 4022 1365 4081 Apud
1374 4032 1468 4069 omnes

969 4115 1060 4158 autom
1084 4109 1135 4159 hoc
1159 4110 1220 4161 loco
1252 4111 1397 4174 plurimum
1422 4122 1468 4158 ua·

968 4195 1019 4246 luit
1050 4197 1109 4247 Got-
1130 4197 1185 4259 lll,
1213 4199 1255 4250 79.
1290 4199 1362 4257 (uide
1387 4211 1468 4260 supra

970 4290 1025 4336 noi.
1039 4286 1079 4345 0.)
