3352 5276
444 482 506 545 itt
553 478 649 583 Gap.
673 482 708 558 I.
760 481 822 558 De
846 486 933 559 iure
958 507 1119 560 causaue
1148 484 1411 573 Quinctianae.

283 648 422 789 '52:2¹³'ss
441 673 540 736 etiam
562 673 704 739 tribunis
727 673 835 757 plebis
849 632 996 759 aliisque
1018 675 1272 763 magistratibus
1294 677 1327 740 in
1351 677 1503 762 publico-

282 794 362 844 ΝΜ·
439 813 512 859 rum
536 793 729 861 iudiciorum
756 795 1026 862 accusationibus
1052 796 1268 862 instituendis
1296 799 1502 883 quaestioni-

440 916 568 1001 busque
595 917 812 984 exercendis
823 912 883 1006 ²⁵),
922 937 1087 1004 persaepe
1131 921 1306 1004 oppositas
1343 920 1447 986 luisse
1482 940 1502 987 a

439 1036 665 1103 Romanarum
686 1058 795 1105 rerum
818 1040 1038 1125 scriptoribus
1060 1038 1226 1106 docemur.

502 1196 620 1282 Neque
643 1172 768 1263 idcirco
790 1198 929 1263 alteram
951 1197 1038 1264 hanc
1060 1198 1228 1265 tribunicii
1254 1200 1369 1265 auxilli
1395 1202 1503 1266 ratio·

440 1336 515 1383 nem
544 1317 834 1384 demonstrandam
863 1322 995 1406 putaui,
1031 1321 1107 1405 quia
1136 1323 1232 1387 certa
1260 1322 1372 1406 aliqua
1394 1319 1504 1404 Quin-

440 1440 573 1505 ctianae
594 1458 736 1506 caussae
757 1441 885 1506 utilitas
906 1443 978 1506 siue
1000 1445 1186 1508 necessitas
1207 1440 1412 1533 flagitasset,
1444 1443 1504 1509 sed

440 1579 481 1625 eo
503 1564 642 1626 maxime
665 1563 822 1647 consilio,
850 1578 915 1648 quo
944 1563 1127 1629 faciliorem
1151 1567 1326 1630 transitum
1350 1584 1503 1651 pararem

416 1681 483 1748 ad
505 1683 638 1748 tertium
661 1682 837 1770 quoddam·
853 1684 1105 1751 intercessionis
1131 1705 1257 1775 genus,
1289 1687 1377 1772 quod
1404 1684 1504 1773 facto

439 1807 657 1869 tantumnon
678 1810 754 1871 ture
776 1808 929 1892 constat,
961 1808 1063 1892 atque
1085 1826 1129 1872 ex
1149 1812 1280 1875 uitiosa
1303 1812 1414 1894 potins
1436 1807 1505 1875 bo-

439 1932 571 1993 minum
598 1931 731 1993 rtaturn
759 1945 856 2012 quam
885 1945 929 1993 cx
959 1928 1056 1994 cinti
1084 1933 1223 1996 ratione
1243 1929 1319 1996 tello
1341 1931 1504 2020 originem

439 2046 544 2112 duxit.

503 2169 660 2234 Nimirum
689 2170 889 2255 amplissima
918 2189 1069 2259 quaeque
1099 2173 1250 2256 potentia
1279 2174 1312 2237 in
1334 2172 1506 2239 libidinem

421 2290 596 2385 ⁴facillime
617 2292 746 2380 uergit,
768 2310 876 2377 neque
898 2312 1102 2383 magnopere
1123 2293 1322 2385 mirandum,
1351 2272 1507 2360 tribunos

440 2412 564 2498 plebis,
586 2412 704 2497 quibus
728 2432 771 2479 ex
794 2433 916 2503 magna
937 2417 1038 2499 atque
1056 2418 1143 2481 iusta
1162 2434 1282 2482 caussa
1297 2419 1507 2503 propterque

438 2554 594 2600 summam
616 2535 793 2600 utilitatem
814 2534 979 2602 aduersus
1000 2541 1114 2624 tpartm
1135 2542 1190 2604 tur
1212 2538 1315 2605 cicttie
1345 2540 1507 2604 auxilium
1625 2572 1626 2581 κ

438 2656 546 2743 ierre,
567 2655 721 2742 quodque
736 2662 812 2724 imre
827 2657 924 2724 cintii
937 2664 1155 2747 praestaret,
1177 2658 1360 2726 decernere
1375 2660 1508 2747 liceret,

436 2777 616 2863 aliquando
645 2781 743 2844 etiam
771 2783 810 2845 ia
844 2784 944 2866 petam
978 2779 1057 2846 inde
1090 2779 1260 2867 demesso,
1297 2782 1508 2866 iniuriaeque

406 2970 408 2973 ,
438 2901 649 2966 concessisse
671 2899 759 2986 quod
781 2920 926 2967 summae
948 2905 1076 2967 tantum
1098 2904 1260 2988 aequitati
1283 2902 1479 2969 deberetur.

503 3020 578 3103 Qua
599 3025 696 3108 parte
718 3023 816 3088 etiam
838 3023 944 3088 maius
966 3026 1068 3108 atquc
1096 3024 1306 3110 frequentius
1333 3026 1509 3114 genuinae

437 3142 631 3229 solidaeque
663 3145 811 3210 iustitiae
841 3145 1021 3230 periculum
1050 3149 1198 3210 creatum
1228 3164 1304 3211 esse
1327 3147 1506 3219 existimo,

438 3283 535 3350 quum
565 3265 761 3332 tribuniciae
791 3269 974 3352 potestatis
1000 3269 1169 3352 naturam,
1202 3269 1415 3353 ipsorumque
1439 3271 1509 3333 tri-

437 3386 598 3453 bunorum
620 3387 729 3473 plebis
761 3387 888 3478 studia,
921 3406 1043 3476 mores,
1078 3393 1174 3474 acta,
1205 3388 1268 3455 hac
1296 3390 1509 3474 potissimum

436 3504 609 3576 Ciceronis
630 3511 754 3597 aetate,
776 3508 965 3576 considero.
1008 3509 1080 3577 Nec
1103 3509 1236 3593 dubito,
1258 3514 1355 3596 quin,
1376 3513 1406 3577 si
1428 3514 1509 3597 pri-

435 3635 536 3696 uatae
557 3649 613 3696 res
634 3649 675 3697 ac
698 3634 951 3697 controuersiae
973 3631 1016 3697 ab
1038 3631 1249 3697 historiarum
1277 3634 1510 3717 scriptoribus

437 3754 503 3816 tam
535 3750 716 3842 diligenter
747 3756 923 3818 memoriae
952 3751 1183 3838 traderentur,
1217 3773 1312 3839 quam
1346 3753 1437 3855 bella
1473 3759 1510 3820 et

437 3877 574 3938 caetera
598 3892 684 3958 quae
712 3872 756 3938 ad
785 3875 929 3959 populos
955 3892 1089 3959 remque
1118 3856 1281 3959 publicam
1312 3877 1509 3961 pertinent,

435 4158 516 4217 etiam
536 4159 565 4208 in
584 4158 641 4223 ipsa
661 4159 847 4209 iurisdictione
859 4158 939 4210 Prae·
1026 4161 1351 4224 widimffll’llbbi.
1364 4157 1509 4222 Gall-Vll,

434 4253 508 4298 tores
526 4247 723 4297 solutissimum
741 4260 938 4312 nonnunquam
996 4250 1039 4301 iu.
1058 4274 1088 4286 -
1103 4250 1163 4299 Liu.
1178 4250 1233 4311 ill,
1251 4251 1294 4300 it.
1309 4275 1344 4284 -
1358 4248 1463 4300 Areon.
1478 4253 1511 4300 tn

435 4336 628 4387 adhibuerunt.
994 4338 1089 4390 Milon.
1099 4340 1168 4390 mli.
1181 4338 1262 4403 (apud
1275 4339 1402 4388 Oreliium
1410 4336 1510 4407 pei.)
