<?xml version="1.0" encoding="UTF-8"?>
<!DOCTYPE html PUBLIC "-//W3C//DTD XHTML 1.0 Transitional//EN"
    "http://www.w3.org/TR/xhtml1/DTD/xhtml1-transitional.dtd">
<html xmlns="http://www.w3.org/1999/xhtml" xml:lang="en" lang="en">
 <head>
  <title>
</title>
<meta http-equiv="Content-Type" content="text/html;charset=utf-8" />
  <meta name='ocr-system' content='tesseract 3.04.00' />
  <meta name='ocr-capabilities' content='ocr_page ocr_carea ocr_par ocr_line ocrx_word'/>
</head>
<body>
  <div class='ocr_page' id='page_1' title='image "./semestriumadmtu01kellgoog_0066.png"; bbox 0 0 3420 5280; ppageno 0'>
   <div class='ocr_carea' id='block_1_1' title="bbox 308 496 1296 601">
    <p class='ocr_par' dir='ltr' id='par_1_1' title="bbox 308 496 1296 601">
     <span class='ocr_line' id='line_1_1' title="bbox 308 496 1296 601; baseline -0.005 -19"><span class='ocrx_word' id='word_1_1' title='bbox 308 519 344 596; x_wconf 78' lang='lat' dir='ltr'><strong>s.</strong></span> <span class='ocrx_word' id='word_1_2' title='bbox 372 506 414 582; x_wconf 80' lang='grc'><strong>2.</strong></span> <span class='ocrx_word' id='word_1_3' title='bbox 469 503 551 591; x_wconf 83' lang='lat' dir='ltr'><strong>an</strong></span> <span class='ocrx_word' id='word_1_4' title='bbox 569 507 653 578; x_wconf 85' lang='lat' dir='ltr'><strong>iare</strong></span> <span class='ocrx_word' id='word_1_5' title='bbox 676 500 740 577; x_wconf 87' lang='lat' dir='ltr'><strong>N·.</strong></span> <span class='ocrx_word' id='word_1_6' title='bbox 768 503 865 575; x_wconf 85' lang='lat' dir='ltr'><strong>inan</strong></span> <span class='ocrx_word' id='word_1_7' title='bbox 894 499 953 600; x_wconf 61' lang='lat' dir='ltr'><strong>lej.</strong></span> <span class='ocrx_word' id='word_1_8' title='bbox 979 501 1202 601; x_wconf 70' lang='lat' dir='ltr'><strong><em>possederit.</em></strong></span> <span class='ocrx_word' id='word_1_9' title='bbox 1254 496 1296 562; x_wconf 67' lang='lat'><strong>⁴⁷</strong></span> 
     </span>
    </p>
   </div>
   <div class='ocr_carea' id='block_1_2' title="bbox 145 685 1465 2958">
    <p class='ocr_par' dir='ltr' id='par_1_2' title="bbox 233 685 1465 900">
     <span class='ocr_line' id='line_1_2' title="bbox 233 685 1465 794; baseline -0.002 -34"><span class='ocrx_word' id='word_1_10' title='bbox 233 691 436 781; x_wconf 89' lang='lat' dir='ltr'><strong>possidenda</strong></span> <span class='ocrx_word' id='word_1_11' title='bbox 458 691 544 759; x_wconf 88' lang='lat' dir='ltr'><strong>hanc</strong></span> <span class='ocrx_word' id='word_1_12' title='bbox 574 691 686 758; x_wconf 76' lang='lat' dir='ltr'><strong>Edisti</strong></span> <span class='ocrx_word' id='word_1_13' title='bbox 715 691 897 757; x_wconf 75' lang='lat' dir='ltr'><strong>clausulam</strong></span> <span class='ocrx_word' id='word_1_14' title='bbox 919 690 984 756; x_wconf 79' lang='lat' dir='ltr'><strong>Car</strong></span> <span class='ocrx_word' id='word_1_15' title='bbox 1011 709 1119 757; x_wconf 81' lang='lat' dir='ltr'><strong>araas</strong></span> <span class='ocrx_word' id='word_1_16' title='bbox 1141 711 1207 757; x_wconf 82' lang='lat' dir='ltr'><strong>aaa</strong></span> <span class='ocrx_word' id='word_1_17' title='bbox 1229 713 1297 758; x_wconf 85' lang='lat' dir='ltr'><strong>ax-</strong></span> <span class='ocrx_word' id='word_1_18' title='bbox 1315 685 1465 794; x_wconf 52' lang='lat' dir='ltr'><strong>,flfffgfflff</strong></span> 
     </span>
     <span class='ocr_line' id='line_1_3' title="bbox 233 807 1299 900; baseline -0.002 -19"><span class='ocrx_word' id='word_1_19' title='bbox 233 836 352 898; x_wconf 79' lang='lat' dir='ltr'><strong>raam,</strong></span> <span class='ocrx_word' id='word_1_20' title='bbox 385 816 570 900; x_wconf 80' lang='lat' dir='ltr'><strong>pertinere,</strong></span> <span class='ocrx_word' id='word_1_21' title='bbox 607 812 692 878; x_wconf 87' lang='lat' dir='ltr'><strong>adeo</strong></span> <span class='ocrx_word' id='word_1_22' title='bbox 729 813 939 877; x_wconf 82' lang='lat' dir='ltr'><strong>manifestum</strong></span> <span class='ocrx_word' id='word_1_23' title='bbox 967 807 1068 894; x_wconf 82' lang='lat' dir='ltr'><strong>est⁵),</strong></span> <span class='ocrx_word' id='word_1_24' title='bbox 1104 815 1140 877; x_wconf 95' lang='lat' dir='ltr'><strong>ut</strong></span> <span class='ocrx_word' id='word_1_25' title='bbox 1167 815 1299 898; x_wconf 90' lang='lat' dir='ltr'><strong>tempus</strong></span> 
     </span>
    </p>

    <p class='ocr_par' dir='ltr' id='par_1_3' title="bbox 235 924 1299 1143">
     <span class='ocr_line' id='line_1_4' title="bbox 235 924 1299 1023; baseline -0.005 -20"><span class='ocrx_word' id='word_1_26' title='bbox 235 941 347 1003; x_wconf 87' lang='lat' dir='ltr'><strong>terere</strong></span> <span class='ocrx_word' id='word_1_27' title='bbox 374 924 628 1023; x_wconf 79' lang='lat' dir='ltr'><strong>milriaiderer,</strong></span> <span class='ocrx_word' id='word_1_28' title='bbox 669 937 723 1019; x_wconf 86' lang='lat' dir='ltr'><strong>qni</strong></span> <span class='ocrx_word' id='word_1_29' title='bbox 751 933 786 997; x_wconf 89' lang='lat' dir='ltr'><strong>id</strong></span> <span class='ocrx_word' id='word_1_30' title='bbox 815 934 863 997; x_wconf 89' lang='lat' dir='ltr'><strong>ita</strong></span> <span class='ocrx_word' id='word_1_31' title='bbox 898 950 973 998; x_wconf 88' lang='lat' dir='ltr'><strong>esse</strong></span> <span class='ocrx_word' id='word_1_32' title='bbox 1008 952 1192 1017; x_wconf 88' lang='lat' dir='ltr'><strong>monerem,</strong></span> <span class='ocrx_word' id='word_1_33' title='bbox 1233 937 1299 1001; x_wconf 84' lang='lat' dir='ltr'><strong>nisi</strong></span> 
     </span>
     <span class='ocr_line' id='line_1_5' title="bbox 235 1053 1299 1143; baseline -0.006 -17"><span class='ocrx_word' id='word_1_34' title='bbox 235 1059 423 1143; x_wconf 88' lang='lat' dir='ltr'><strong>complures</strong></span> <span class='ocrx_word' id='word_1_35' title='bbox 446 1058 605 1132; x_wconf 71' lang='lat' dir='ltr'><strong>fuissent,</strong></span> <span class='ocrx_word' id='word_1_36' title='bbox 639 1058 693 1142; x_wconf 88' lang='lat' dir='ltr'><strong>qui</strong></span> <span class='ocrx_word' id='word_1_37' title='bbox 715 1073 873 1142; x_wconf 77' lang='lat' dir='ltr'><strong>perquam</strong></span> <span class='ocrx_word' id='word_1_38' title='bbox 895 1053 1035 1121; x_wconf 87' lang='lat' dir='ltr'><strong>ridiculo</strong></span> <span class='ocrx_word' id='word_1_39' title='bbox 1058 1074 1173 1121; x_wconf 89' lang='lat' dir='ltr'><strong>errore</strong></span> <span class='ocrx_word' id='word_1_40' title='bbox 1195 1060 1299 1140; x_wconf 91' lang='lat' dir='ltr'><strong>puta-</strong></span> 
     </span>
    </p>

    <p class='ocr_par' dir='ltr' id='par_1_4' title="bbox 234 1175 1300 1384">
     <span class='ocr_line' id='line_1_6' title="bbox 234 1175 1300 1269; baseline 0.001 -24"><span class='ocrx_word' id='word_1_41' title='bbox 234 1183 332 1264; x_wconf 84' lang='lat' dir='ltr'>rent,</span> <span class='ocrx_word' id='word_1_42' title='bbox 354 1183 435 1269; x_wconf 76' lang='lat' dir='ltr'><strong>qaia</strong></span> <span class='ocrx_word' id='word_1_43' title='bbox 457 1178 557 1255; x_wconf 83' lang='lat' dir='ltr'><strong>iiiert</strong></span> <span class='ocrx_word' id='word_1_44' title='bbox 581 1175 741 1257; x_wconf 70' lang='lat' dir='ltr'><strong>Quintam</strong></span> <span class='ocrx_word' id='word_1_45' title='bbox 764 1179 899 1264; x_wconf 82' lang='lat' dir='ltr'><strong>essent,</strong></span> <span class='ocrx_word' id='word_1_46' title='bbox 921 1176 1050 1242; x_wconf 80' lang='lat' dir='ltr'><strong>ideirco</strong></span> <span class='ocrx_word' id='word_1_47' title='bbox 1071 1175 1153 1243; x_wconf 82' lang='lat' dir='ltr'><strong>iaie</strong></span> <span class='ocrx_word' id='word_1_48' title='bbox 1174 1176 1300 1246; x_wconf 80' lang='lat' dir='ltr'><strong>Edisti</strong></span> 
     </span>
     <span class='ocr_line' id='line_1_7' title="bbox 235 1290 1299 1384; baseline -0.002 -17"><span class='ocrx_word' id='word_1_49' title='bbox 235 1301 414 1367; x_wconf 84' lang='lat' dir='ltr'><strong>eleasaiae</strong></span> <span class='ocrx_word' id='word_1_50' title='bbox 435 1300 548 1366; x_wconf 81' lang='lat' dir='ltr'><strong>tortam</strong></span> <span class='ocrx_word' id='word_1_51' title='bbox 569 1317 639 1364; x_wconf 81' lang='lat' dir='ltr'><strong>raon</strong></span> <span class='ocrx_word' id='word_1_52' title='bbox 650 1290 810 1384; x_wconf 68' lang='lat' dir='ltr'><strong>faisse⁶);</strong></span> <span class='ocrx_word' id='word_1_53' title='bbox 832 1297 926 1382; x_wconf 81' lang='lat' dir='ltr'><strong>quasi</strong></span> <span class='ocrx_word' id='word_1_54' title='bbox 940 1316 1023 1363; x_wconf 88' lang='lat' dir='ltr'><strong>aero</strong></span> <span class='ocrx_word' id='word_1_55' title='bbox 1038 1318 1180 1384; x_wconf 89' lang='lat' dir='ltr'><strong>unquam</strong></span> <span class='ocrx_word' id='word_1_56' title='bbox 1196 1299 1299 1365; x_wconf 84' lang='lat' dir='ltr'><strong>fando</strong></span> 
     </span>
    </p>

    <p class='ocr_par' dir='ltr' id='par_1_5' title="bbox 237 1416 1232 1507">
     <span class='ocr_line' id='line_1_8' title="bbox 237 1416 1232 1507; baseline -0.003 -19"><span class='ocrx_word' id='word_1_57' title='bbox 237 1421 384 1488; x_wconf 88' lang='lat' dir='ltr'><strong>auditum</strong></span> <span class='ocrx_word' id='word_1_58' title='bbox 399 1422 525 1507; x_wconf 73' lang='lat' dir='ltr'><strong>suerit,</strong></span> <span class='ocrx_word' id='word_1_59' title='bbox 547 1420 673 1486; x_wconf 81' lang='lat' dir='ltr'><strong>liberos</strong></span> <span class='ocrx_word' id='word_1_60' title='bbox 692 1424 791 1507; x_wconf 83' lang='lat' dir='ltr'><strong>patri</strong></span> <span class='ocrx_word' id='word_1_61' title='bbox 812 1423 894 1484; x_wconf 86' lang='lat' dir='ltr'><strong>aiae</strong></span> <span class='ocrx_word' id='word_1_62' title='bbox 915 1417 1059 1486; x_wconf 76' lang='lat' dir='ltr'><strong>heredes</strong></span> <span class='ocrx_word' id='word_1_63' title='bbox 1081 1416 1232 1486; x_wconf 81' lang='lat' dir='ltr'><strong>catere!</strong></span> 
     </span>
    </p>

    <p class='ocr_par' dir='ltr' id='par_1_6' title="bbox 236 1534 1302 2236">
     <span class='ocr_line' id='line_1_9' title="bbox 299 1534 1301 1628; baseline 0.002 -21"><span class='ocrx_word' id='word_1_64' title='bbox 299 1541 386 1624; x_wconf 78' lang='lat' dir='ltr'><strong>Quid</strong></span> <span class='ocrx_word' id='word_1_65' title='bbox 418 1534 548 1607; x_wconf 74' lang='lat' dir='ltr'><strong>multa‘i</strong></span> <span class='ocrx_word' id='word_1_66' title='bbox 584 1540 658 1623; x_wconf 77' lang='lat' dir='ltr'><strong>Quo</strong></span> <span class='ocrx_word' id='word_1_67' title='bbox 692 1543 888 1605; x_wconf 71' lang='lat' dir='ltr'><strong>remotiores</strong></span> <span class='ocrx_word' id='word_1_68' title='bbox 924 1559 945 1606; x_wconf 92' lang='lat' dir='ltr'><strong>a</strong></span> <span class='ocrx_word' id='word_1_69' title='bbox 981 1542 1154 1627; x_wconf 87' lang='lat' dir='ltr'><strong>proposita</strong></span> <span class='ocrx_word' id='word_1_70' title='bbox 1186 1546 1301 1628; x_wconf 87' lang='lat' dir='ltr'><strong>specle</strong></span> 
     </span>
     <span class='ocr_line' id='line_1_10' title="bbox 236 1655 1301 1745; baseline 0.001 -16"><span class='ocrx_word' id='word_1_71' title='bbox 236 1664 364 1729; x_wconf 89' lang='lat' dir='ltr'><strong>mediae</strong></span> <span class='ocrx_word' id='word_1_72' title='bbox 386 1663 464 1728; x_wconf 91' lang='lat' dir='ltr'><strong>illae</strong></span> <span class='ocrx_word' id='word_1_73' title='bbox 494 1661 579 1728; x_wconf 90' lang='lat' dir='ltr'><strong>duae</strong></span> <span class='ocrx_word' id='word_1_74' title='bbox 606 1664 778 1729; x_wconf 83' lang='lat' dir='ltr'><strong>clausulae</strong></span> <span class='ocrx_word' id='word_1_75' title='bbox 799 1663 1015 1726; x_wconf 88' lang='lat' dir='ltr'><strong>inueniuntur</strong></span> <span class='ocrx_word' id='word_1_76' title='bbox 1045 1681 1120 1728; x_wconf 88' lang='lat' dir='ltr'><strong>esse</strong></span> <span class='ocrx_word' id='word_1_77' title='bbox 1142 1655 1201 1745; x_wconf 82' lang='lat' dir='ltr'><strong>[et</strong></span> <span class='ocrx_word' id='word_1_78' title='bbox 1222 1668 1301 1730; x_wconf 88' lang='lat' dir='ltr'><strong>sunt</strong></span> 
     </span>
     <span class='ocr_line' id='line_1_11' title="bbox 238 1776 1302 1872; baseline 0.002 -22"><span class='ocrx_word' id='word_1_79' title='bbox 238 1804 320 1850; x_wconf 89' lang='lat' dir='ltr'><strong>sane</strong></span> <span class='ocrx_word' id='word_1_80' title='bbox 342 1776 622 1865; x_wconf 76' lang='lat' dir='ltr'><strong>remotissimae),</strong></span> <span class='ocrx_word' id='word_1_81' title='bbox 659 1802 699 1849; x_wconf 94' lang='lat' dir='ltr'><strong>eo</strong></span> <span class='ocrx_word' id='word_1_82' title='bbox 721 1784 828 1871; x_wconf 82' lang='lat' dir='ltr'><strong>magis</strong></span> <span class='ocrx_word' id='word_1_83' title='bbox 850 1786 1060 1869; x_wconf 89' lang='lat' dir='ltr'><strong>perspicuam</strong></span> <span class='ocrx_word' id='word_1_84' title='bbox 1083 1785 1164 1872; x_wconf 86' lang='lat' dir='ltr'><strong>erit,</strong></span> <span class='ocrx_word' id='word_1_85' title='bbox 1200 1804 1260 1851; x_wconf 89' lang='lat' dir='ltr'><strong>eas</strong></span> <span class='ocrx_word' id='word_1_86' title='bbox 1281 1805 1302 1852; x_wconf 87' lang='lat' dir='ltr'><strong>a</strong></span> 
     </span>
     <span class='ocr_line' id='line_1_12' title="bbox 240 1906 1302 1993; baseline 0 -21"><span class='ocrx_word' id='word_1_87' title='bbox 240 1906 349 1972; x_wconf 74' lang='lat' dir='ltr'><strong>Tullio</strong></span> <span class='ocrx_word' id='word_1_88' title='bbox 373 1908 505 1971; x_wconf 88' lang='lat' dir='ltr'><strong>nonnisi</strong></span> <span class='ocrx_word' id='word_1_89' title='bbox 532 1907 620 1971; x_wconf 89' lang='lat' dir='ltr'><strong>inter</strong></span> <span class='ocrx_word' id='word_1_90' title='bbox 639 1907 794 1970; x_wconf 89' lang='lat' dir='ltr'><strong>caeteras</strong></span> <span class='ocrx_word' id='word_1_91' title='bbox 815 1908 850 1970; x_wconf 94' lang='lat' dir='ltr'><strong>et</strong></span> <span class='ocrx_word' id='word_1_92' title='bbox 872 1923 945 1971; x_wconf 89' lang='lat' dir='ltr'><strong>cam</strong></span> <span class='ocrx_word' id='word_1_93' title='bbox 967 1908 1194 1973; x_wconf 78' lang='lat' dir='ltr'><strong>ostentatione</strong></span> <span class='ocrx_word' id='word_1_94' title='bbox 1216 1926 1302 1993; x_wconf 90' lang='lat' dir='ltr'><strong>qua-</strong></span> 
     </span>
     <span class='ocr_line' id='line_1_13' title="bbox 239 2026 1302 2111; baseline 0.002 -19"><span class='ocrx_word' id='word_1_95' title='bbox 239 2027 313 2093; x_wconf 89' lang='lat' dir='ltr'><strong>dam</strong></span> <span class='ocrx_word' id='word_1_96' title='bbox 341 2030 446 2093; x_wconf 89' lang='lat' dir='ltr'><strong>tatius</strong></span> <span class='ocrx_word' id='word_1_97' title='bbox 467 2029 538 2092; x_wconf 74' lang='lat' dir='ltr'><strong>eiius</strong></span> <span class='ocrx_word' id='word_1_98' title='bbox 560 2029 681 2110; x_wconf 83' lang='lat' dir='ltr'><strong>capitis</strong></span> <span class='ocrx_word' id='word_1_99' title='bbox 712 2029 846 2092; x_wconf 84' lang='lat' dir='ltr'><strong>excussi</strong></span> <span class='ocrx_word' id='word_1_100' title='bbox 876 2029 1069 2092; x_wconf 87' lang='lat' dir='ltr'><strong>enumerari.</strong></span> <span class='ocrx_word' id='word_1_101' title='bbox 1128 2026 1226 2111; x_wconf 79' lang='lat' dir='ltr'><strong>Quod</strong></span> <span class='ocrx_word' id='word_1_102' title='bbox 1241 2030 1302 2096; x_wconf 88' lang='lat' dir='ltr'><strong>cui</strong></span> 
     </span>
     <span class='ocr_line' id='line_1_14' title="bbox 240 2122 1019 2236; baseline -0.001 -21"><span class='ocrx_word' id='word_1_103' title='bbox 240 2122 328 2216; x_wconf 86' lang='lat' dir='ltr'><strong>bona</strong></span> <span class='ocrx_word' id='word_1_104' title='bbox 355 2152 399 2214; x_wconf 92' lang='lat' dir='ltr'><strong>sit</strong></span> <span class='ocrx_word' id='word_1_105' title='bbox 421 2147 713 2236; x_wconf 83' lang='lat' dir='ltr'><strong>animaduertisse,</strong></span> <span class='ocrx_word' id='word_1_106' title='bbox 734 2168 811 2213; x_wconf 89' lang='lat' dir='ltr'><strong>mox</strong></span> <span class='ocrx_word' id='word_1_107' title='bbox 833 2150 1019 2234; x_wconf 88' lang='lat' dir='ltr'><strong>apparebit.</strong></span> 
     </span>
    </p>

    <p class='ocr_par' dir='ltr' id='par_1_7' title="bbox 239 2270 1305 2836">
     <span class='ocr_line' id='line_1_15' title="bbox 302 2270 1303 2359; baseline 0.003 -23"><span class='ocrx_word' id='word_1_108' title='bbox 302 2270 449 2336; x_wconf 86' lang='lat' dir='ltr'><strong>Restant</strong></span> <span class='ocrx_word' id='word_1_109' title='bbox 470 2272 573 2359; x_wconf 80' lang='lat' dir='ltr'><strong>igitar</strong></span> <span class='ocrx_word' id='word_1_110' title='bbox 595 2289 614 2335; x_wconf 88' lang='lat' dir='ltr'><strong>e</strong></span> <span class='ocrx_word' id='word_1_111' title='bbox 636 2274 779 2356; x_wconf 76' lang='lat' dir='ltr'><strong>quantuor</strong></span> <span class='ocrx_word' id='word_1_112' title='bbox 800 2271 865 2335; x_wconf 90' lang='lat' dir='ltr'><strong>illis</strong></span> <span class='ocrx_word' id='word_1_113' title='bbox 885 2271 1044 2337; x_wconf 81' lang='lat' dir='ltr'><strong>clausulis</strong></span> <span class='ocrx_word' id='word_1_114' title='bbox 1071 2270 1176 2354; x_wconf 81' lang='lat' dir='ltr'><strong>duae,</strong></span> <span class='ocrx_word' id='word_1_115' title='bbox 1198 2274 1303 2359; x_wconf 89' lang='lat' dir='ltr'><strong>prima</strong></span> 
     </span>
     <span class='ocr_line' id='line_1_16' title="bbox 239 2391 1302 2489; baseline 0.004 -32"><span class='ocrx_word' id='word_1_116' title='bbox 239 2393 369 2460; x_wconf 87' lang='lat' dir='ltr'><strong>seilicet</strong></span> <span class='ocrx_word' id='word_1_117' title='bbox 393 2395 428 2489; x_wconf 82' lang='lat' dir='ltr'><strong>et</strong></span> <span class='ocrx_word' id='word_1_118' title='bbox 450 2396 616 2476; x_wconf 82' lang='lat' dir='ltr'><strong>extrema,</strong></span> <span class='ocrx_word' id='word_1_119' title='bbox 648 2409 783 2476; x_wconf 89' lang='lat' dir='ltr'><strong>quarum</strong></span> <span class='ocrx_word' id='word_1_120' title='bbox 818 2395 895 2457; x_wconf 89' lang='lat' dir='ltr'><strong>utra</strong></span> <span class='ocrx_word' id='word_1_121' title='bbox 923 2391 1086 2458; x_wconf 89' lang='lat' dir='ltr'><strong>aduersus</strong></span> <span class='ocrx_word' id='word_1_122' title='bbox 1115 2392 1302 2475; x_wconf 77' lang='lat' dir='ltr'><strong>Quinctium</strong></span> 
     </span>
     <span class='ocr_line' id='line_1_17' title="bbox 241 2509 1304 2606; baseline 0.007 -30"><span class='ocrx_word' id='word_1_123' title='bbox 241 2513 345 2577; x_wconf 83' lang='lat' dir='ltr'><strong>fuerit</strong></span> <span class='ocrx_word' id='word_1_124' title='bbox 366 2515 516 2601; x_wconf 79' lang='lat' dir='ltr'><strong>agitata,</strong></span> <span class='ocrx_word' id='word_1_125' title='bbox 538 2514 636 2577; x_wconf 92' lang='lat' dir='ltr'><strong>unice</strong></span> <span class='ocrx_word' id='word_1_126' title='bbox 658 2509 881 2596; x_wconf 88' lang='lat' dir='ltr'><strong>quaerendum</strong></span> <span class='ocrx_word' id='word_1_127' title='bbox 903 2531 980 2577; x_wconf 86' lang='lat' dir='ltr'><strong>esse</strong></span> <span class='ocrx_word' id='word_1_128' title='bbox 1002 2516 1182 2596; x_wconf 90' lang='lat' dir='ltr'><strong>putauerls.</strong></span> <span class='ocrx_word' id='word_1_129' title='bbox 1224 2517 1304 2606; x_wconf 80' lang='lat' dir='ltr'><strong>Age</strong></span> 
     </span>
     <span class='ocr_line' id='line_1_18' title="bbox 242 2626 1305 2718; baseline 0.005 -21"><span class='ocrx_word' id='word_1_130' title='bbox 242 2652 346 2699; x_wconf 87' lang='lat' dir='ltr'><strong>uero:</strong></span> <span class='ocrx_word' id='word_1_131' title='bbox 386 2638 495 2697; x_wconf 91' lang='lat' dir='ltr'><strong>utrum</strong></span> <span class='ocrx_word' id='word_1_132' title='bbox 537 2634 715 2697; x_wconf 87' lang='lat' dir='ltr'><strong>caussatus</strong></span> <span class='ocrx_word' id='word_1_133' title='bbox 761 2635 813 2695; x_wconf 88' lang='lat' dir='ltr'><strong>est</strong></span> <span class='ocrx_word' id='word_1_134' title='bbox 847 2626 1024 2697; x_wconf 74' lang='lat' dir='ltr'><strong>Naeuius?¹</strong></span> <span class='ocrx_word' id='word_1_135' title='bbox 1062 2632 1305 2718; x_wconf 77' lang='lat' dir='ltr'><strong>fraudationis</strong></span> 
     </span>
     <span class='ocr_line' id='line_1_19' title="bbox 243 2748 1305 2836; baseline 0.004 -18"><span class='ocrx_word' id='word_1_136' title='bbox 243 2772 369 2818; x_wconf 85' lang='lat' dir='ltr'><strong>caussa</strong></span> <span class='ocrx_word' id='word_1_137' title='bbox 391 2750 591 2836; x_wconf 82' lang='lat' dir='ltr'><strong>Quiraetiara</strong></span> <span class='ocrx_word' id='word_1_138' title='bbox 613 2748 804 2819; x_wconf 76' lang='lat' dir='ltr'><strong>latitasse?</strong></span> <span class='ocrx_word' id='word_1_139' title='bbox 825 2772 869 2819; x_wconf 92' lang='lat' dir='ltr'><strong>an</strong></span> <span class='ocrx_word' id='word_1_140' title='bbox 890 2752 1069 2821; x_wconf 77' lang='lat' dir='ltr'><strong>absentem</strong></span> <span class='ocrx_word' id='word_1_141' title='bbox 1089 2756 1218 2822; x_wconf 87' lang='lat' dir='ltr'><strong>iadieio</strong></span> <span class='ocrx_word' id='word_1_142' title='bbox 1240 2757 1305 2822; x_wconf 85' lang='lat' dir='ltr'><strong>cie-</strong></span> 
     </span>
    </p>

    <p class='ocr_par' dir='ltr' id='par_1_8' title="bbox 145 2870 632 2958">
     <span class='ocr_line' id='line_1_20' title="bbox 145 2870 632 2958; baseline 0 -19"><span class='ocrx_word' id='word_1_143' title='bbox 145 2890 147 2895; x_wconf 74' lang='grc'>’</span> <span class='ocrx_word' id='word_1_144' title='bbox 241 2870 381 2958; x_wconf 71' lang='lat' dir='ltr'><strong>serasera</strong></span> <span class='ocrx_word' id='word_1_145' title='bbox 402 2893 472 2941; x_wconf 80' lang='lat' dir='ltr'><strong>raon</strong></span> <span class='ocrx_word' id='word_1_146' title='bbox 491 2870 632 2958; x_wconf 71' lang='lat' dir='ltr'><strong>faisse?</strong></span> 
     </span>
    </p>
   </div>
   <div class='ocr_carea' id='block_1_3' title="bbox 244 3094 1307 3379">
    <p class='ocr_par' dir='ltr' id='par_1_9' title="bbox 244 3094 1307 3379">
     <span class='ocr_line' id='line_1_21' title="bbox 279 3094 1306 3190; baseline 0.003 -12"><span class='ocrx_word' id='word_1_147' title='bbox 279 3128 306 3184; x_wconf 85' lang='grc'><strong>5)</strong></span> <span class='ocrx_word' id='word_1_148' title='bbox 325 3125 385 3177; x_wconf 84' lang='lat' dir='ltr'><strong>Gaii</strong></span> <span class='ocrx_word' id='word_1_149' title='bbox 411 3126 469 3186; x_wconf 85' lang='lat' dir='ltr'><strong>lli,</strong></span> <span class='ocrx_word' id='word_1_150' title='bbox 497 3125 541 3177; x_wconf 87' lang='grc'><strong>78.</strong></span> <span class='ocrx_word' id='word_1_151' title='bbox 571 3125 646 3190; x_wconf 86' lang='lat' dir='ltr'><strong>(uide</strong></span> <span class='ocrx_word' id='word_1_152' title='bbox 664 3139 746 3189; x_wconf 87' lang='lat' dir='ltr'><strong>supra</strong></span> <span class='ocrx_word' id='word_1_153' title='bbox 803 3126 875 3176; x_wconf 75' lang='lat' dir='ltr'><strong>ioasi</strong></span> <span class='ocrx_word' id='word_1_154' title='bbox 898 3126 974 3177; x_wconf 80' lang='lat' dir='ltr'><strong>sanai</strong></span> <span class='ocrx_word' id='word_1_155' title='bbox 995 3129 1025 3177; x_wconf 86' lang='lat' dir='ltr'><strong>ia</strong></span> <span class='ocrx_word' id='word_1_156' title='bbox 1048 3094 1096 3180; x_wconf 80' lang='lat' dir='ltr'><strong>iao</strong></span> <span class='ocrx_word' id='word_1_157' title='bbox 1119 3130 1239 3181; x_wconf 76' lang='lat' dir='ltr'><strong>motione</strong></span> <span class='ocrx_word' id='word_1_158' title='bbox 1254 3142 1306 3182; x_wconf 74' lang='lat' dir='ltr'><strong>aaa</strong></span> 
     </span>
     <span class='ocr_line' id='line_1_22' title="bbox 244 3213 1307 3285; baseline 0.002 -17"><span class='ocrx_word' id='word_1_159' title='bbox 244 3213 620 3277; x_wconf 82' lang='lat' dir='ltr'><strong>aot.3.)Coni.ib.ll,1ti&#39;l.</strong></span> <span class='ocrx_word' id='word_1_160' title='bbox 642 3217 747 3267; x_wconf 90' lang='lat' dir='ltr'><strong>-Nec</strong></span> <span class='ocrx_word' id='word_1_161' title='bbox 801 3219 946 3271; x_wconf 66' lang='lat' dir='ltr'><strong>maror.</strong></span> <span class='ocrx_word' id='word_1_162' title='bbox 983 3216 1059 3268; x_wconf 88' lang='lat' dir='ltr'><strong>Umla</strong></span> <span class='ocrx_word' id='word_1_163' title='bbox 1084 3218 1202 3285; x_wconf 77' lang='lat' dir='ltr'><strong>primum</strong></span> <span class='ocrx_word' id='word_1_164' title='bbox 1229 3220 1307 3271; x_wconf 86' lang='lat' dir='ltr'><strong>intel·</strong></span> 
     </span>
     <span class='ocr_line' id='line_1_23' title="bbox 245 3303 1306 3379; baseline 0.003 -23"><span class='ocrx_word' id='word_1_165' title='bbox 245 3307 345 3356; x_wconf 89' lang='lat' dir='ltr'><strong>mirum</strong></span> <span class='ocrx_word' id='word_1_166' title='bbox 364 3304 461 3366; x_wconf 81' lang='lat' dir='ltr'><strong>igitur,</strong></span> <span class='ocrx_word' id='word_1_167' title='bbox 490 3303 561 3354; x_wconf 83' lang='lat' dir='ltr'><strong>inira</strong></span> <span class='ocrx_word' id='word_1_168' title='bbox 587 3309 621 3360; x_wconf 86' lang='lat' dir='ltr'><strong>(c.</strong></span> <span class='ocrx_word' id='word_1_169' title='bbox 641 3304 699 3363; x_wconf 72' lang='lat'><strong>28.)</strong></span> <span class='ocrx_word' id='word_1_170' title='bbox 718 3305 746 3354; x_wconf 90' lang='lat' dir='ltr'><strong>in</strong></span> <span class='ocrx_word' id='word_1_171' title='bbox 802 3303 873 3364; x_wconf 79' lang='lat' dir='ltr'><strong>leri,</strong></span> <span class='ocrx_word' id='word_1_172' title='bbox 902 3303 967 3379; x_wconf 82' lang='lat' dir='ltr'><strong>quid</strong></span> <span class='ocrx_word' id='word_1_173' title='bbox 995 3305 1103 3368; x_wconf 87' lang='lat' dir='ltr'><strong>ualeat,</strong></span> <span class='ocrx_word' id='word_1_174' title='bbox 1138 3308 1210 3370; x_wconf 83' lang='lat' dir='ltr'><strong>quod</strong></span> <span class='ocrx_word' id='word_1_175' title='bbox 1233 3308 1306 3372; x_wconf 73' lang='lat' dir='ltr'><strong>apuli</strong></span> 
     </span>
    </p>
   </div>
   <div class='ocr_carea' id='block_1_4' title="bbox 245 3393 754 4423">
    <p class='ocr_par' dir='ltr' id='par_1_10' title="bbox 245 3393 754 4423">
     <span class='ocr_line' id='line_1_24' title="bbox 246 3393 747 3458; baseline -0.004 -14"><span class='ocrx_word' id='word_1_176' title='bbox 246 3394 416 3458; x_wconf 82' lang='lat' dir='ltr'><strong>peroratione</strong></span> <span class='ocrx_word' id='word_1_177' title='bbox 436 3405 600 3456; x_wconf 83' lang='lat' dir='ltr'><strong>rerumque,</strong></span> <span class='ocrx_word' id='word_1_178' title='bbox 620 3405 690 3456; x_wconf 88' lang='lat' dir='ltr'><strong>quae</strong></span> <span class='ocrx_word' id='word_1_179' title='bbox 709 3393 747 3442; x_wconf 89' lang='lat' dir='ltr'><strong>di·</strong></span> 
     </span>
     <span class='ocr_line' id='line_1_25' title="bbox 245 3480 745 3545; baseline -0.006 -12"><span class='ocrx_word' id='word_1_180' title='bbox 245 3484 329 3543; x_wconf 88' lang='lat' dir='ltr'><strong>citur,</strong></span> <span class='ocrx_word' id='word_1_181' title='bbox 350 3480 510 3545; x_wconf 83' lang='lat' dir='ltr'><strong>repetitione</strong></span> <span class='ocrx_word' id='word_1_182' title='bbox 527 3481 598 3530; x_wconf 88' lang='lat' dir='ltr'><strong>hanc</strong></span> <span class='ocrx_word' id='word_1_183' title='bbox 611 3494 745 3541; x_wconf 87' lang='lat' dir='ltr'><strong>caussam,</strong></span> 
     </span>
     <span class='ocr_line' id='line_1_26' title="bbox 246 3569 748 3633; baseline -0.002 -13"><span class='ocrx_word' id='word_1_184' title='bbox 246 3577 385 3633; x_wconf 87' lang='lat' dir='ltr'><strong>tamquam</strong></span> <span class='ocrx_word' id='word_1_185' title='bbox 412 3569 637 3629; x_wconf 84' lang='lat' dir='ltr'><strong>remotissimam,</strong></span> <span class='ocrx_word' id='word_1_186' title='bbox 673 3570 748 3631; x_wconf 90' lang='lat' dir='ltr'><strong>peni·</strong></span> 
     </span>
     <span class='ocr_line' id='line_1_27' title="bbox 247 3657 749 3719; baseline -0.004 -10"><span class='ocrx_word' id='word_1_187' title='bbox 247 3663 289 3709; x_wconf 92' lang='lat' dir='ltr'><strong>tus</strong></span> <span class='ocrx_word' id='word_1_188' title='bbox 307 3658 404 3708; x_wconf 87' lang='lat' dir='ltr'><strong>omitti.</strong></span> <span class='ocrx_word' id='word_1_189' title='bbox 443 3657 502 3719; x_wconf 86' lang='lat' dir='ltr'><strong>Qua</strong></span> <span class='ocrx_word' id='word_1_190' title='bbox 520 3657 554 3706; x_wconf 79' lang='lat' dir='ltr'><strong>(le</strong></span> <span class='ocrx_word' id='word_1_191' title='bbox 572 3670 602 3706; x_wconf 86' lang='lat' dir='ltr'><strong>ra</strong></span> <span class='ocrx_word' id='word_1_192' title='bbox 621 3657 749 3707; x_wconf 87' lang='lat' dir='ltr'><strong>Hotoma-</strong></span> 
     </span>
     <span class='ocr_line' id='line_1_28' title="bbox 248 3745 749 3797; baseline -0.004 0"><span class='ocrx_word' id='word_1_193' title='bbox 248 3760 299 3797; x_wconf 87' lang='lat' dir='ltr'><strong>nus</strong></span> <span class='ocrx_word' id='word_1_194' title='bbox 325 3747 358 3796; x_wconf 85' lang='lat' dir='ltr'><strong>ad</strong></span> <span class='ocrx_word' id='word_1_195' title='bbox 382 3747 409 3796; x_wconf 82' lang='lat' dir='ltr'><strong>d.</strong></span> <span class='ocrx_word' id='word_1_196' title='bbox 434 3746 525 3797; x_wconf 92' lang='lat' dir='ltr'><strong>locum</strong></span> <span class='ocrx_word' id='word_1_197' title='bbox 546 3745 685 3795; x_wconf 86' lang='lat' dir='ltr'><strong>uerissime</strong></span> <span class='ocrx_word' id='word_1_198' title='bbox 704 3746 749 3795; x_wconf 83' lang='lat' dir='ltr'><strong>ad·</strong></span> 
     </span>
     <span class='ocr_line' id='line_1_29' title="bbox 249 3833 748 3886; baseline -0.012 0"><span class='ocrx_word' id='word_1_199' title='bbox 249 3836 360 3886; x_wconf 87' lang='lat' dir='ltr'><strong>notauit.</strong></span> <span class='ocrx_word' id='word_1_200' title='bbox 398 3833 476 3884; x_wconf 85' lang='lat' dir='ltr'><strong>Cani.</strong></span> <span class='ocrx_word' id='word_1_201' title='bbox 491 3834 572 3885; x_wconf 91' lang='lat' dir='ltr'><strong>etiam</strong></span> <span class='ocrx_word' id='word_1_202' title='bbox 586 3848 610 3883; x_wconf 87' lang='lat' dir='ltr'><strong>e.</strong></span> <span class='ocrx_word' id='word_1_203' title='bbox 625 3833 668 3883; x_wconf 74' lang='lat'><strong>27.</strong></span> <span class='ocrx_word' id='word_1_204' title='bbox 683 3839 748 3884; x_wconf 80' lang='lat' dir='ltr'><strong>extr.</strong></span> 
     </span>
     <span class='ocr_line' id='line_1_30' title="bbox 249 3922 750 3983; baseline -0.002 -10"><span class='ocrx_word' id='word_1_205' title='bbox 249 3923 275 3973; x_wconf 72' lang='lat' dir='ltr'><strong>‘et</strong></span> <span class='ocrx_word' id='word_1_206' title='bbox 293 3937 317 3972; x_wconf 89' lang='lat' dir='ltr'><strong>c.</strong></span> <span class='ocrx_word' id='word_1_207' title='bbox 345 3923 405 3983; x_wconf 60' lang='lat'><strong>23„</strong></span> <span class='ocrx_word' id='word_1_208' title='bbox 434 3923 481 3972; x_wconf 86' lang='lat' dir='ltr'><strong>ubi</strong></span> <span class='ocrx_word' id='word_1_209' title='bbox 511 3922 594 3972; x_wconf 88' lang='lat' dir='ltr'><strong>simili</strong></span> <span class='ocrx_word' id='word_1_210' title='bbox 619 3934 684 3972; x_wconf 88' lang='lat' dir='ltr'><strong>sane</strong></span> <span class='ocrx_word' id='word_1_211' title='bbox 708 3936 750 3972; x_wconf 88' lang='lat' dir='ltr'><strong>ra·</strong></span> 
     </span>
     <span class='ocr_line' id='line_1_31' title="bbox 248 4011 751 4074; baseline 0.002 -14"><span class='ocrx_word' id='word_1_212' title='bbox 248 4012 322 4061; x_wconf 89' lang='lat' dir='ltr'><strong>tione</strong></span> <span class='ocrx_word' id='word_1_213' title='bbox 341 4011 471 4060; x_wconf 86' lang='lat' dir='ltr'><strong>latitantis</strong></span> <span class='ocrx_word' id='word_1_214' title='bbox 490 4011 577 4062; x_wconf 90' lang='lat' dir='ltr'><strong>solum</strong></span> <span class='ocrx_word' id='word_1_215' title='bbox 596 4016 676 4074; x_wconf 83' lang='lat' dir='ltr'><strong>atque</strong></span> <span class='ocrx_word' id='word_1_216' title='bbox 705 4012 751 4062; x_wconf 84' lang='lat' dir='ltr'><strong>ni-</strong></span> 
     </span>
     <span class='ocr_line' id='line_1_32' title="bbox 249 4101 731 4163; baseline -0.006 -14"><span class='ocrx_word' id='word_1_217' title='bbox 249 4101 327 4149; x_wconf 67' lang='lat' dir='ltr'><strong>tentis</strong></span> <span class='ocrx_word' id='word_1_218' title='bbox 345 4112 456 4148; x_wconf 86' lang='lat' dir='ltr'><strong>caussae</strong></span> <span class='ocrx_word' id='word_1_219' title='bbox 474 4105 731 4163; x_wconf 76' lang='lat' dir='ltr'><strong>commemorantur.</strong></span> 
     </span>
     <span class='ocr_line' id='line_1_33' title="bbox 285 4187 749 4252; baseline 0.009 -17"><span class='ocrx_word' id='word_1_220' title='bbox 285 4187 313 4238; x_wconf 85' lang='grc'><strong>6)</strong></span> <span class='ocrx_word' id='word_1_221' title='bbox 334 4187 400 4235; x_wconf 87' lang='lat' dir='ltr'><strong>Vide</strong></span> <span class='ocrx_word' id='word_1_222' title='bbox 420 4188 534 4235; x_wconf 83' lang='lat' dir='ltr'><strong>Roaiam</strong></span> <span class='ocrx_word' id='word_1_223' title='bbox 551 4188 570 4236; x_wconf 91' lang='lat' dir='ltr'><strong>l.</strong></span> <span class='ocrx_word' id='word_1_224' title='bbox 596 4203 621 4238; x_wconf 87' lang='lat' dir='ltr'><strong>c.</strong></span> <span class='ocrx_word' id='word_1_225' title='bbox 641 4202 667 4252; x_wconf 88' lang='lat' dir='ltr'><strong>p.</strong></span> <span class='ocrx_word' id='word_1_226' title='bbox 686 4189 749 4245; x_wconf 68' lang='grc'><strong>47..</strong></span> 
     </span>
     <span class='ocr_line' id='line_1_34' title="bbox 251 4276 752 4340; baseline 0.008 -17"><span class='ocrx_word' id='word_1_227' title='bbox 251 4276 297 4323; x_wconf 85' lang='lat' dir='ltr'><strong>ubi</strong></span> <span class='ocrx_word' id='word_1_228' title='bbox 325 4278 404 4335; x_wconf 86' lang='lat' dir='ltr'><strong>negat</strong></span> <span class='ocrx_word' id='word_1_229' title='bbox 433 4276 485 4322; x_wconf 80' lang='lat' dir='ltr'><strong>dici</strong></span> <span class='ocrx_word' id='word_1_230' title='bbox 509 4289 601 4337; x_wconf 80' lang='lat' dir='ltr'><strong>posse,</strong></span> <span class='ocrx_word' id='word_1_231' title='bbox 630 4277 752 4340; x_wconf 82' lang='lat' dir='ltr'><strong>Quinctio</strong></span> 
     </span>
     <span class='ocr_line' id='line_1_35' title="bbox 250 4363 754 4423; baseline 0.008 -13"><span class='ocrx_word' id='word_1_232' title='bbox 250 4363 367 4411; x_wconf 75' lang='lat' dir='ltr'><strong>heredem</strong></span> <span class='ocrx_word' id='word_1_233' title='bbox 383 4376 436 4410; x_wconf 86' lang='lat' dir='ltr'><strong>aea</strong></span> <span class='ocrx_word' id='word_1_234' title='bbox 454 4368 562 4423; x_wconf 84' lang='lat' dir='ltr'><strong>catere,</strong></span> <span class='ocrx_word' id='word_1_235' title='bbox 589 4366 662 4413; x_wconf 83' lang='lat' dir='ltr'><strong>caios</strong></span> <span class='ocrx_word' id='word_1_236' title='bbox 680 4365 754 4415; x_wconf 85' lang='lat' dir='ltr'><strong>liberi</strong></span> 
     </span>
    </p>
   </div>
   <div class='ocr_carea' id='block_1_5' title="bbox 803 3392 1310 4340">
    <p class='ocr_par' dir='ltr' id='par_1_11' title="bbox 803 3392 1310 4340">
     <span class='ocr_line' id='line_1_36' title="bbox 804 3392 1305 3459; baseline 0.014 -19"><span class='ocrx_word' id='word_1_237' title='bbox 804 3392 934 3454; x_wconf 83' lang='lat' dir='ltr'><strong>quosdam</strong></span> <span class='ocrx_word' id='word_1_238' title='bbox 971 3394 1084 3443; x_wconf 88' lang='lat' dir='ltr'><strong>memini</strong></span> <span class='ocrx_word' id='word_1_239' title='bbox 1116 3409 1160 3445; x_wconf 88' lang='lat' dir='ltr'><strong>me</strong></span> <span class='ocrx_word' id='word_1_240' title='bbox 1195 3395 1305 3459; x_wconf 84' lang='lat' dir='ltr'><strong>legere,</strong></span> 
     </span>
     <span class='ocr_line' id='line_1_37' title="bbox 804 3479 1305 3541; baseline 0.016 -14"><span class='ocrx_word' id='word_1_241' title='bbox 804 3479 926 3541; x_wconf 81' lang='lat' dir='ltr'><strong>Quinctio</strong></span> <span class='ocrx_word' id='word_1_242' title='bbox 949 3482 1064 3531; x_wconf 70' lang='lat' dir='ltr'><strong>assam</strong></span> <span class='ocrx_word' id='word_1_243' title='bbox 1089 3488 1189 3534; x_wconf 83' lang='lat' dir='ltr'><strong>cataro.</strong></span> <span class='ocrx_word' id='word_1_244' title='bbox 1226 3483 1305 3535; x_wconf 83' lang='lat' dir='ltr'><strong>Coni.</strong></span> 
     </span>
     <span class='ocr_line' id='line_1_38' title="bbox 803 3567 1308 3624; baseline 0.016 -7"><span class='ocrx_word' id='word_1_245' title='bbox 803 3567 960 3617; x_wconf 83' lang='lat' dir='ltr'><strong>Lambiaam</strong></span> <span class='ocrx_word' id='word_1_246' title='bbox 978 3569 1012 3618; x_wconf 85' lang='lat' dir='ltr'><strong>ad</strong></span> <span class='ocrx_word' id='word_1_247' title='bbox 1030 3570 1058 3619; x_wconf 89' lang='lat' dir='ltr'><strong>h.</strong></span> <span class='ocrx_word' id='word_1_248' title='bbox 1078 3584 1102 3619; x_wconf 89' lang='lat' dir='ltr'><strong>e.</strong></span> <span class='ocrx_word' id='word_1_249' title='bbox 1123 3572 1166 3623; x_wconf 78' lang='lat' dir='ltr'><strong>la.</strong></span> <span class='ocrx_word' id='word_1_250' title='bbox 1186 3579 1225 3622; x_wconf 83' lang='lat' dir='ltr'><strong>u&#39;·</strong></span> <span class='ocrx_word' id='word_1_251' title='bbox 1259 3573 1308 3624; x_wconf 82' lang='lat' dir='ltr'><strong>Ne·</strong></span> 
     </span>
     <span class='ocr_line' id='line_1_39' title="bbox 804 3659 1308 3726; baseline 0.016 -22"><span class='ocrx_word' id='word_1_252' title='bbox 804 3669 853 3719; x_wconf 81' lang='lat' dir='ltr'><strong>qao</strong></span> <span class='ocrx_word' id='word_1_253' title='bbox 877 3669 1031 3720; x_wconf 68' lang='lat' dir='ltr'><strong>quanqam</strong></span> <span class='ocrx_word' id='word_1_254' title='bbox 1057 3659 1204 3716; x_wconf 70' lang='lat' dir='ltr'><strong>attinebots</strong></span> <span class='ocrx_word' id='word_1_255' title='bbox 1229 3662 1308 3726; x_wconf 86' lang='lat' dir='ltr'><strong>qula·</strong></span> 
     </span>
     <span class='ocr_line' id='line_1_40' title="bbox 805 3744 1306 3815; baseline 0.016 -23"><span class='ocrx_word' id='word_1_256' title='bbox 805 3744 888 3793; x_wconf 88' lang='lat' dir='ltr'><strong>etiam</strong></span> <span class='ocrx_word' id='word_1_257' title='bbox 913 3744 1030 3794; x_wconf 82' lang='lat' dir='ltr'><strong>Ferrotii</strong></span> <span class='ocrx_word' id='word_1_258' title='bbox 1054 3745 1139 3810; x_wconf 82' lang='lat' dir='ltr'><strong>Epist.</strong></span> <span class='ocrx_word' id='word_1_259' title='bbox 1159 3746 1211 3809; x_wconf 84' lang='lat' dir='ltr'><strong>lv,</strong></span> <span class='ocrx_word' id='word_1_260' title='bbox 1230 3749 1258 3800; x_wconf 75' lang='lat' dir='ltr'><strong>i.</strong></span> <span class='ocrx_word' id='word_1_261' title='bbox 1278 3765 1306 3815; x_wconf 87' lang='lat' dir='ltr'><strong>p.</strong></span> 
     </span>
     <span class='ocr_line' id='line_1_41' title="bbox 804 3832 1310 3902; baseline 0.016 -21"><span class='ocrx_word' id='word_1_262' title='bbox 804 3832 867 3882; x_wconf 76' lang='lat'><strong>250.</strong></span> <span class='ocrx_word' id='word_1_263' title='bbox 895 3855 926 3868; x_wconf 97' lang='lat'>-</span> <span class='ocrx_word' id='word_1_264' title='bbox 960 3833 1053 3896; x_wconf 82' lang='lat' dir='ltr'><strong>Neque</strong></span> <span class='ocrx_word' id='word_1_265' title='bbox 1078 3835 1164 3898; x_wconf 76' lang='lat' dir='ltr'><strong>magis</strong></span> <span class='ocrx_word' id='word_1_266' title='bbox 1181 3844 1310 3902; x_wconf 89' lang='lat' dir='ltr'><strong>opportu-</strong></span> 
     </span>
     <span class='ocr_line' id='line_1_42' title="bbox 806 3904 1309 3988; baseline 0.018 -19"><span class='ocrx_word' id='word_1_267' title='bbox 806 3933 872 3970; x_wconf 92' lang='lat' dir='ltr'><strong>num</strong></span> <span class='ocrx_word' id='word_1_268' title='bbox 891 3933 951 3970; x_wconf 86' lang='lat' dir='ltr'><strong>esse</strong></span> <span class='ocrx_word' id='word_1_269' title='bbox 975 3921 1061 3984; x_wconf 81' lang='lat' dir='ltr'><strong>daco,</strong></span> <span class='ocrx_word' id='word_1_270' title='bbox 1081 3904 1164 3988; x_wconf 64' lang='lat' dir='ltr'><strong>&#39;quoa</strong></span> <span class='ocrx_word' id='word_1_271' title='bbox 1182 3927 1309 3978; x_wconf 81' lang='lat' dir='ltr'><strong>Hotansa·</strong></span> 
     </span>
     <span class='ocr_line' id='line_1_43' title="bbox 805 4008 1310 4076; baseline 0.016 -18"><span class='ocrx_word' id='word_1_272' title='bbox 805 4022 869 4069; x_wconf 84' lang='lat' dir='ltr'><strong>aas,</strong></span> <span class='ocrx_word' id='word_1_273' title='bbox 889 4008 1010 4059; x_wconf 78' lang='lat' dir='ltr'><strong>Kiotaias</strong></span> <span class='ocrx_word' id='word_1_274' title='bbox 1027 4010 1129 4076; x_wconf 83' lang='lat' dir='ltr'><strong>aliique</strong></span> <span class='ocrx_word' id='word_1_275' title='bbox 1147 4014 1181 4064; x_wconf 73' lang='lat' dir='ltr'><strong>acl</strong></span> <span class='ocrx_word' id='word_1_276' title='bbox 1199 4016 1228 4065; x_wconf 79' lang='lat' dir='ltr'><strong>lu.</strong></span> <span class='ocrx_word' id='word_1_277' title='bbox 1241 4015 1261 4064; x_wconf 91' lang='lat'><strong>1.</strong></span> <span class='ocrx_word' id='word_1_278' title='bbox 1276 4016 1310 4066; x_wconf 84' lang='lat' dir='ltr'><strong>ds</strong></span> 
     </span>
     <span class='ocr_line' id='line_1_44' title="bbox 806 4098 1309 4167; baseline 0.016 -21"><span class='ocrx_word' id='word_1_279' title='bbox 806 4098 952 4147; x_wconf 71' lang='lat' dir='ltr'><strong>memorio</strong></span> <span class='ocrx_word' id='word_1_280' title='bbox 964 4098 1242 4164; x_wconf 73' lang='lat' dir='ltr'><strong>harimannorum,</strong></span> <span class='ocrx_word' id='word_1_281' title='bbox 1263 4106 1309 4167; x_wconf 88' lang='lat' dir='ltr'><strong>qui</strong></span> 
     </span>
     <span class='ocr_line' id='line_1_45' title="bbox 807 4186 1310 4242; baseline 0.012 -5"><span class='ocrx_word' id='word_1_282' title='bbox 807 4186 952 4237; x_wconf 80' lang='lat' dir='ltr'><strong>solandos</strong></span> <span class='ocrx_word' id='word_1_283' title='bbox 982 4187 1115 4239; x_wconf 84' lang='lat' dir='ltr'><strong>bonorum</strong></span> <span class='ocrx_word' id='word_1_284' title='bbox 1146 4193 1310 4242; x_wconf 85' lang='lat' dir='ltr'><strong>uenditionis</strong></span> 
     </span>
     <span class='ocr_line' id='line_1_46' title="bbox 808 4275 1144 4340; baseline 0 -15"><span class='ocrx_word' id='word_1_285' title='bbox 808 4289 904 4326; x_wconf 89' lang='lat' dir='ltr'><strong>caussa</strong></span> <span class='ocrx_word' id='word_1_286' title='bbox 923 4275 1026 4326; x_wconf 88' lang='lat' dir='ltr'><strong>institui</strong></span> <span class='ocrx_word' id='word_1_287' title='bbox 1045 4285 1144 4340; x_wconf 87' lang='lat' dir='ltr'><strong>posset.</strong></span> 
     </span>
    </p>
   </div>
   <div class='ocr_carea' id='block_1_6' title="bbox 0 0 1736 5280">
    <p class='ocr_par' dir='ltr' id='par_1_12' title="bbox 0 0 1736 5280">
     <span class='ocr_line' id='line_1_47' title="bbox 0 0 1736 5280; baseline 0 0"><span class='ocrx_word' id='word_1_288' title='bbox 0 0 1736 5280; x_wconf 95' lang='lat' dir='ltr'><strong> </strong></span> 
     </span>
    </p>
   </div>
  </div>
 </body>
</html>
