3420 5280
1246 547 1308 591 xm

237 720 331 788 rem,
360 694 421 769 uel
448 696 598 768 maxime
626 692 709 766 mihi
732 694 805 770 hoc
823 694 925 791 quasi
950 693 1085 767 horreo
1106 716 1198 793 opus
1225 696 1307 781 erit,

237 858 273 928 in
303 879 375 953 quo
407 852 606 928 studiorum
633 853 772 966 fructus
801 874 998 951 congeram
1025 875 1070 927 ac
1097 870 1282 953 reponam.

314 1013 441 1111 ltaque
470 1013 695 1114 propositum
726 1011 810 1084 milri
842 1020 925 1102 est,
953 1013 990 1084 in
1018 1010 1173 1109 singulis
1204 1009 1309 1085 libris

240 1177 333 1264 (sex
379 1179 505 1262 erunt,
560 1193 686 1245 senum
724 1173 898 1245 mensium
936 1169 1138 1245 interuallis
1180 1169 1309 1270 prodi·

239 1333 331 1422 turi)
359 1329 505 1430 singula
531 1330 652 1431 capita
682 1332 762 1404 siue
791 1331 898 1404 etiam
922 1327 1027 1429 plura
1052 1328 1156 1404 breui
1180 1328 1308 1430 dispu-

240 1493 365 1563 tationi
395 1489 558 1565 locorum
584 1471 764 1564 uariorum
791 1497 899 1587 atque
925 1509 976 1561 ex
1002 1487 1165 1561 omnibus
1191 1483 1309 1565 Cice·

240 1651 339 1724 ronis
370 1650 517 1749 scriptis
549 1645 663 1721 ueluti
692 1668 758 1747 per
785 1654 942 1719 saturam
970 1644 1208 1721 collectorum
1240 1646 1309 1720 ad·

240 1809 400 1906 signare.
453 1802 525 1919 Cui
553 1803 630 1903 legi
661 1806 847 1903 quominus
874 1806 911 1876 in
941 1806 1056 1906 primo
1087 1807 1208 1877 statim
1237 1805 1311 1881 hoc

240 1964 334 2041 libro
364 1965 635 2058 satisfacerem,
676 1966 906 2065 necopinanti
936 1962 1020 2036 milri
1051 1961 1312 2064 impedimento
1414 1959 1418 1966 ’

240 2125 307 2198 fnit
331 2127 446 2225 primo
474 2126 655 2200 contraria
681 2121 857 2224 quaedam
882 2121 969 2214 lert,
998 2146 1100 2222 quam
1122 2125 1203 2222 ipse
1226 2121 1312 2195 milri

238 2286 414 2384 imposui,
441 2290 480 2356 ut
501 2305 548 2357 ne
566 2285 603 2354 in
620 2282 775 2381 singulis
794 2281 899 2358 hisce
916 2280 1019 2356 libris
1039 2281 1192 2356 medium
1212 2280 1310 2358 duo·

240 2440 411 2516 denarum
437 2444 584 2517 circiter
611 2440 836 2541 plagularum
861 2463 1044 2515 numerum
1072 2440 1310 2530 excederem,

167 2664 168 2667 ,
241 2598 376 2673 deinde
412 2598 478 2670 illa
516 2618 672 2672 caussae
711 2597 949 2686 Quinctianae
990 2599 1125 2670 eximia
1162 2597 1311 2673 ubertas

243 2762 349 2852 atque
382 2751 561 2827 eiusmodi
593 2758 740 2845 natura,
785 2761 823 2826 ut
852 2752 901 2827 ad
927 2751 1197 2828 defendendam
1221 2757 1309 2829 inti·

243 2936 351 3004 mam,
378 2936 481 3010 qnam
506 2912 772 3002 demonstrani,
800 2936 936 3014 operae
960 2916 1112 2990 criticae
1133 2923 1171 2990 et
1193 2918 1309 2989 inter·

242 3073 456 3171 prelationis
483 3073 774 3148 coniunctionem
812 3070 905 3147 ultro
932 3094 975 3146 se
1003 3072 1174 3166 offerret,
1220 3097 1312 3171 quae

243 3233 280 3302 in
314 3231 427 3330 prima
461 3234 542 3307 acie
577 3231 834 3307 collocaretur.
888 3228 949 3304 Ne
985 3230 1108 3331 plura:
1154 3230 1311 3307 exordio

243 3392 367 3489 operis
403 3412 497 3487 rogo
534 3400 572 3463 ut
607 3390 863 3488 indulgeatur,
909 3415 976 3462 usu
1004 3390 1143 3465 discam
1171 3390 1312 3465 modum

245 3547 455 3622 obseruare.

321 3780 438 3855 Unum
458 3789 597 3873 restat,
624 3781 721 3879 quod
745 3805 880 3855 summo
908 3790 1041 3855 tantum
1063 3782 1181 3882 digito
1202 3787 1312 3856 attin-

245 3964 347 4038 gam,
374 3943 540 4038 quoniam
570 3940 823 4042 praestandum
855 3944 975 4042 potius
1007 3943 1311 4044 quam'praefan-

247 4096 329 4169 dum
359 4105 420 4170 aut
445 4098 685 4199 profitendum
711 4121 797 4174 esse
824 4099 979 4175 uidetur.

325 4243 521 4330 Scribendi
557 4258 704 4333 formam
738 4259 846 4333 talem
880 4261 963 4333 milri
992 4285 1202 4362 comparare
1229 4273 1309 4336 stu-
