3352 5276
445 493 505 554 166
556 488 650 591 Cup.
671 491 704 565 1.
761 489 929 565 nitore
955 514 1116 583 caussae
1145 489 1408 579 Quinctianae.

317 702 395 796 rm:
506 680 592 764 Quid
623 672 736 746 enimi
774 671 847 761 (sic
875 679 952 745 mibi
985 681 1101 746 uideor
1138 681 1254 748 audire
1289 682 1498 748 Hortensium

289 772 357 910 εἴ.
397 780 408 790 ’
442 822 510 868 non
531 805 738 893 argumentis
759 803 864 867 solum
887 822 999 868 uerum
1022 804 1121 868 etiam
1141 801 1380 888 quodammodo
1402 823 1499 889 prae-

443 924 573 991 iudiciis
603 916 831 1013 pugnantem]
858 927 887 989 si
917 943 977 1010 pro
1007 926 1096 990 iusta
1116 923 1501 1012 absentisdeiensione,

441 1049 491 1111 uti
514 1050 549 1111 tu
572 1045 763 1132 praedicas,
799 1046 1019 1113 uadimonium
1040 1045 1151 1136 istud,
1181 1066 1247 1133 quo
1270 1044 1417 1128 Quinctii
1438 1066 1500 1112 mo-

442 1169 528 1233 mine
561 1167 707 1234 Alienus
738 1168 867 1235 Naeuio
905 1187 943 1234 sc
977 1168 1210 1255 obligauerat,
1246 1169 1500 1259 aestimabatur,

441 1291 531 1357 bona
563 1287 707 1371 Quinctii
737 1308 796 1355 cur
828 1289 953 1355 diutius
982 1282 1269 1376 possidebantur?
1304 1308 1365 1357 cur
1396 1289 1501 1357 medio

444 1415 531 1477 omni
553 1403 729 1497 tempore?
756 1411 898 1498 denique
914 1432 975 1479 cur
988 1412 1088 1479 bodie
1104 1411 1318 1497 possidentur
1325 1403 1395 1485 Μ
1417 1409 1503 1493 Quid

442 1536 490 1599 ita
509 1530 723 1620 Praetorum,
745 1536 800 1620 qui
822 1533 943 1600 abhinc
966 1538 1037 1601 tres
1058 1534 1211 1619 fuerunt,
1234 1553 1330 1618 quum
1353 1552 1457 1619 saepe
1471 1535 1503 1599 id

443 1650 619 1738 Quinctius
642 1657 847 1741 postularet,
870 1655 912 1722 de
933 1657 1031 1722 bonis
1052 1655 1218 1723 decedere
1231 1656 1392 1722 Naeuium
1407 1674 1503 1721 memo

441 1769 565 1843 iussit?
602 1774 689 1858 Quid
711 1779 758 1844 ita
780 1797 823 1843 ne
845 1778 1050 1843 tribunorum
1065 1778 1175 1862 plebis
1197 1777 1327 1863 quidem
1341 1776 1505 1842 aduersus

443 1899 687 1984 possessionem
719 1900 879 1965 bonorum
907 1902 980 1965 toto
1009 1918 1050 1965 eo
1077 1903 1228 1985 tempore
1256 1899 1381 1964 auxilio
1411 1899 1505 1984 quis-

444 2039 539 2108 quam
562 2012 651 2085 iuit‘i
684 2017 779 2102 Quae
801 2041 898 2107 quum
921 2023 968 2088 ita
990 2023 1075 2107 sint,
1097 2040 1208 2087 nonne
1231 2020 1403 2087 fatendum
1425 2022 1504 2107 erit,

443 2161 486 2209 ne
508 2141 695 2208 uadimonio
718 2142 848 2228 quidem
871 2144 927 2207 illo
943 2142 1104 2210 Naeuium
1126 2143 1330 2228 internique
1345 2140 1506 2207 Alienum

444 2266 619 2331 contracto
641 2264 793 2339 effectum
815 2282 912 2350 esse,
933 2268 971 2330 ut
993 2261 1169 2346 Quinctius
1190 2264 1313 2337 absens
1334 2266 1429 2330 recte
1451 2265 1507 2329 iu-

444 2386 532 2452 dicio
553 2384 716 2451 defensus
737 2388 796 2451 aut
817 2389 909 2452 essct
930 2390 989 2452 aut
1011 2376 1208 2452 utereturi

459 2578 462 2587 ·
505 2544 684 2610 Enimuero
706 2543 792 2610 hacc
812 2546 1059 2634 argumentatio
1075 2545 1181 2610 omnis
1197 2548 1234 2609 ut
1249 2545 1333 2610 satis
1348 2545 1508 2628 speciosa
1627 2572 1628 2589 π

443 2686 551 2752 neque
581 2666 694 2752 utique
722 2667 808 2732 leuis
834 2669 893 2731 out
922 2665 1068 2733 inualida
1095 2667 1215 2750 tuerit,
1251 2664 1508 2752 haudquaquam

444 2795 554 2853 tomen
586 2790 732 2855 arbitror
758 2787 906 2854 debuisse
936 2807 1021 2876 quae
1048 2786 1139 2873 apud
1162 2788 1341 2874 Aquinum
1363 2785 1508 2853 iudicem

444 2930 465 2976 a
487 2908 634 2992 Quinctii
655 2928 776 2976 caussa
798 2913 916 2977 contra
937 2912 1100 2976 ualerent.

507 3028 766 3117 Considerabat,
796 3034 930 3117 opinor,
957 3032 1135 3117 Naeuium,
1164 3033 1314 3119 quamuis
1336 3033 1509 3099 interces-

445 3157 549 3219 slonis
577 3157 666 3219 metu
691 3172 732 3221 ac
752 3156 913 3247 grauate,
950 3157 1116 3220 omnnem
1143 3157 1255 3219 tumui
1275 3154 1508 3236 prudenttem-

444 3294 508 3368 que
531 3274 748 3340 uadimonium
771 3293 844 3341 cum
865 3275 993 3340 Alieno
1016 3277 1244 3363 contraxisse,
1275 3274 1310 3340 id
1330 3273 1510 3341 defensio-

445 3399 498 3463 nis
524 3416 652 3488 gonus,
688 3416 752 3482 quo
778 3416 845 3462 non
867 3396 911 3462 od
936 3396 1075 3464 iudicem
1098 3415 1171 3464 cum
1191 3399 1412 3483 procuratore
1435 3397 1511 3462 ire-

445 3640 577 3704 «polum,
605 3639 657 3689 nisi
682 3639 748 3702 quid
767 3639 837 3689 iuter
857 3639 945 3702 ipsum
1002 3639 1163 3702 iampridem
1181 3651 1248 3689 uaro
1266 3638 1397 3689 reiectum
1415 3650 1432 3688 u
1449 3636 1512 3689 Ma-

444 3728 594 3778 «Aiiauum
613 3732 640 3778 st
662 3718 795 3780 Naeuium
816 3727 945 3778 conueni-
1001 3728 1095 3781 mutio,
1115 3727 1263 3780 Brimonim
1281 3726 1424 3787 iambico,
1437 3723 1511 3775 Gru-

448 3820 529 3873 uret,
548 3817 689 3866 uideturne
705 3817 881 3866 intercessisse
899 3829 946 3878 op·
1001 3819 1058 3866 toro
1076 3815 1210 3880 aliisqu03
1228 3815 1310 3866 hodio
1322 3815 1367 3865 uir
1381 3815 1511 3878 dignam,

445 3904 575 3966 spoliatio
593 3905 763 3955 tribunorum
782 3916 838 3953 non
853 3917 946 3954 morou
1002 3917 1071 3969 quas
1089 3908 1327 3955 commemoratur.
1363 3904 1421 3957 Noc
1434 3903 1512 3967 quis-

446 3995 513 4043 «aect
529 3995 627 4044 oumitii
647 3994 792 4044 caussato
822 4018 852 4028 -
890 3994 945 4045 bls-
1002 4006 1102 4057 quam,
1122 3993 1235 4056 opinor,
1250 3992 1457 4044 desideraturus
1470 3998 1514 4042 ost

444 4085 495 4134 rito
513 4082 632 4133 Klotziur
650 4084 684 4133 sd
702 4084 730 4134 h.
750 4083 769 4133 l.
794 4085 944 4134 morientem
1003 4080 1148 4133 Garatonii
1159 4082 1343 4133 coniecturam
1358 4093 1413 4131 non
1431 4092 1512 4133 nous

443 4173 589 4224 lectionem
606 4185 679 4221 more
701 4186 763 4222 cum
790 4173 945 4223 recentiori-
1003 4185 1053 4223 nuc
1072 4172 1171 4221 ausilii
1188 4184 1293 4221 caurio·

444 4264 494 4311 bus
512 4263 638 4313 omnibus
656 4261 824 4324 repudiauit,
850 4261 944 4324 probo·
1036 4257 1081 4321 ib)
1107 4260 1165 4323 Qua
1189 4260 1223 4310 da
1242 4273 1271 4310 ro
1289 4260 1352 4309 uida
1372 4272 1459 4322 supra
1481 4255 1511 4319 §-

445 4357 499 4399 tam
519 4350 584 4399 olim
603 4350 756 4398 Hotomono
772 4353 798 4399 et
812 4348 943 4403 Ferraria,
1003 4349 1026 4395 1.
1049 4364 1073 4410 p.
1095 4349 1136 4398 ut.
1158 4349 1249 4411 ibique
1267 4353 1358 4398 notam
1378 4348 1422 4398 29.
