3352 5276
410 495 450 556 96
513 490 607 595 Cup.
634 493 669 569 1.
720 491 781 571 Dc
805 498 891 571 iure
917 516 1077 573 caussae
1106 495 1370 585 Quinctianae.

243 690 390 791 :2¹:322
409 662 490 751 mari
512 685 683 774 oporteat,
712 686 769 752 ubi
795 687 932 771 primum
956 689 1015 751 aut
1044 689 1243 755 certioribus
1270 692 1471 758 testimoniis

407 825 449 875 ac
483 805 690 873 documentis
719 808 778 872 aut
805 824 909 872 sanae
940 806 1135 894 solidaeque
1162 808 1351 903 doctrinae,
1384 831 1470 899 quae

294 998 300 1011 ,
409 931 444 995 et
465 927 685 996 obseruandis
712 926 877 993 bominum
904 929 1050 997 moribus
1076 931 1231 1017 uitaeque
1257 932 1470 1019 quotidianae

409 1051 557 1144 negotiis
577 1067 618 1116 ac
641 1050 914 1135 conuersatione,
943 1053 978 1117 et
1003 1052 1236 1120 ratiocinando
1254 1056 1471 1122 constituitur

408 1188 449 1238 ao
471 1170 698 1256 confirmatur,
719 1171 820 1256 plane
839 1166 1147 1259 repugnauerint³).

472 1346 601 1431 Quibus
628 1348 820 1434 praemissis
847 1345 889 1413 de
918 1349 1006 1439 legis
1034 1353 1257 1437 conceptione
1285 1355 1469 1421 secundum

410 1488 536 1535 omnem
559 1470 652 1535 illius
679 1468 881 1534 uenditionis
910 1469 1057 1537 ordinem
1084 1491 1125 1540 ac
1154 1477 1305 1541 naturam
1327 1478 1376 1542 ita
1396 1495 1469 1542 me-

410 1608 484 1658 cum
504 1590 700 1659 considero:
806 1600 814 1605 '

441 1859 474 1926 3)
491 1860 552 1923 Quo
569 1861 656 1922 magis
668 1860 822 1925 supradicta
836 1860 910 1911 illius

309 1970 313 1977 f
407 1948 553 2001 testimonii
569 1954 665 2000 natura
678 1955 817 2014 appareat,
837 1950 909 2001 haud

407 2038 502 2089 inutile
527 2039 592 2100 erit,
621 2043 753 2102 quatenus
778 2038 820 2088 ius
841 2039 909 2089 anti·

407 2142 491 2192 quam
499 2116 610 2191 spectat,
619 2127 755 2189 integrum
765 2127 908 2179 exbibete:

408 2230 438 2263 c.
455 2252 462 2266 .
478 2251 486 2265 .
500 2222 578 2266 arant
591 2220 618 2265 et
630 2215 701 2265 aliae
714 2215 910 2278 adquisitiones

409 2304 618 2365 «uniuersales,
643 2302 743 2365 ueluti,
773 2304 907 2354 bonorum

408 2394 513 2444 «amtio
537 2387 621 2460 (ἤτοι
645 2389 704 2445 τῶν
730 2391 910 2465 πραγμάτων

407 2478 620 2553 αᾶγορασὶα),
658 2494 728 2547 quaa
764 2482 793 2531 iu
828 2482 909 2531 rebus

407 2566 603 2642 «(πράγμασι)
630 2571 758 2621 debitoris
785 2571 910 2620 uendun·

407 2660 469 2711 «dis
487 2658 581 2720 tiebat,
602 2673 651 2723 per
669 2659 767 2710 multas
780 2659 909 2722 ambages

407 2748 582 2812 «multosque
599 2748 728 2798 circuitus
751 2747 822 2798 iacta
842 2781 851 2797 .
872 2782 879 2798 .
900 2781 907 2794 .

357 2892 364 2897 η
407 2839 463 2905 «Et
497 2837 521 2888 si
547 2837 609 2902 quis
636 2837 789 2901 reperiatur
817 2835 910 2886 multis

407 2927 548 2989 «debens,
572 2925 663 2977 cilicio
681 2925 777 2975 iudicis
797 2925 911 2974 credito·

378 3028 379 3033 ¹
408 3015 506 3066 «ribus
523 3014 637 3065 facultas
655 3014 735 3065 datur
754 3014 783 3063 im
804 3025 909 3076 posses·

408 3104 533 3154 «sionem
551 3104 684 3153 bonorum
697 3102 851 3153 communis
863 3102 909 3153 de·

409 3193 527 3242 «bituris
539 3192 645 3250 uenire,
656 3204 743 3254 eaque
752 3191 907 3254 disponere,

408 3280 659 3344 «quamadmodum
682 3280 734 3330 sibi
755 3280 909 3330 conducere

410 3369 620 3432 «cognouerint.
642 3404 649 3419 .
671 3404 678 3418 .
700 3403 706 3417 .
726 3367 798 3418 Olim
816 3373 908 3418 autem

408 3459 504 3509 «bunc
533 3458 562 3507 in
587 3457 698 3508 modum
723 3455 834 3506 debant.
880 3456 908 3506 st

408 3547 589 3606 «eueniebat,
617 3549 645 3595 ut
672 3545 732 3608 quis
753 3543 844 3594 multis
863 3545 910 3595 de·

406 3638 512 3697 «beret,
532 3640 559 3687 et
576 3638 668 3700 postea
683 3633 802 3684 latitaret
819 3646 908 3697 nequa

407 3725 600 3777 «defensorem
613 3724 740 3783 baberet,
760 3721 908 3773 creditores

408 3814 624 3864 «conuenientes
661 3815 814 3876 praetorem
851 3811 908 3861 adi·

408 3903 509 3963 «bant,
536 3902 589 3952 boo
610 3901 638 3951 ei
657 3904 819 3964 querentes:
848 3912 907 3963 per-

408 3990 605 4053 «mlttebatquc
623 3988 658 4043 iis
675 3993 782 4052 praetor
800 3987 829 4038 in
848 4000 909 4051 pos-

407 4079 550 4129 «sessloue
568 4091 628 4127 esse
645 4078 779 4127 bonorum
805 4075 908 4127 debito-

407 4167 476 4227 «rls‚
495 4171 626 4230 erantque
645 4166 672 4215 in
689 4179 783 4217 eorum
802 4176 907 4228 posses-

407 4256 506 4307 «sione
525 4269 573 4319 per
590 4261 679 4306 certos
697 4255 772 4307 dies:
800 4253 841 4303 his
860 4266 907 4302 au-

407 4351 482 4395 «tem
511 4344 607 4396 diebus
640 4343 791 4408 praeteritis
822 4339 907 4391 altera

957 1822 982 1908 ¹«
991 1862 1072 1913 flebat
1081 1864 1115 1914 ab
1124 1864 1156 1914 iis
1166 1864 1248 1916 aditio
1259 1867 1466 1929 postulantibus,

967 1956 1019 2001 «ut
1036 1952 1088 2002 sibi
1106 1951 1215 2003 licentia
1233 1960 1304 2005 asset
1326 1968 1410 2005 unum
1436 1968 1468 2005 ar

966 2038 1054 2103 «ipsis
1066 2040 1262 2105 constituendi,
1282 2044 1329 2107 qui
1343 2044 1469 2107 patrimo·

968 2128 1063 2177 «ulum
1077 2124 1143 2195 (τὴν
1155 2128 1338 2201 περιουσίαν)
1358 2133 1470 2183 deberat

966 2216 1146 2267 «diuendere.
1189 2219 1257 2271 Nam
1275 2221 1338 2283 quia
1357 2216 1468 2271 difficile

966 2310 1062 2367 «erat,
1090 2319 1184 2357 omnes
1207 2308 1235 2357 iu
1255 2322 1340 2360 uuum
1359 2322 1468 2374 quoque

967 2393 1033 2444 «die
1052 2396 1219 2457 conuenire,
1248 2410 1334 2448 uuum
1352 2410 1384 2448 er
1402 2399 1468 2463 ipsis

967 2482 1161 2545 «deligebant,
1183 2484 1379 2549 «attractata
1396 2488 1469 2539 dice·

966 2571 1078 2632 «batur,
1097 2577 1125 2621 et
1142 2571 1189 2622 illa
1209 2573 1308 2624 deinde
1327 2577 1469 2627 contraba-

967 2661 1034 2711 «bat
1052 2673 1115 2711 cum
1133 2661 1183 2722 iis,
1208 2661 1255 2725 qui
1280 2676 1372 2715 emere
1394 2665 1469 2716 uola-

966 2749 1061 2800 «baut.
1090 2750 1237 2814 Flebatqua
1250 2752 1277 2801 iu
1290 2753 1411 2815 partibus
1425 2768 1469 2804 ur-

966 2838 1029 2887 «bis
1047 2836 1197 2889 illustribus
1210 2841 1386 2905 proscriptio,
1399 2838 1469 2893 baec

940 2974 944 2983 κ
966 2924 1162 2988 «significabat
1185 2927 1235 2976 itte
1255 2928 1358 2978 debitor
1378 2935 1469 2979 moster

967 3014 1018 3062 «tm
1035 3027 1159 3064 caussam
1174 3017 1389 3068 amamduticaia
1403 3020 1468 3069 taei-

967 3102 1039 3155 «att,
1059 3115 1107 3152 aas
1122 3103 1264 3155 creditores
1273 3107 1468 3167 patrimonium

967 3190 1067 3239 «buius
1084 3192 1276 3242 distrahimus:
1302 3199 1404 3256 emptor
1421 3195 1468 3256 qai

966 3279 1186 3330 «aobtodsstom
1206 3278 1466 3346 (Sequunturuerbu

966 3368 1091 3430 superius
1118 3383 1147 3432 p.
1170 3369 1215 3420 95.
1235 3369 1364 3435 exhibita)
1390 3407 1397 3423 .
1421 3404 1428 3418 .
1457 3406 1465 3422 .

966 3462 1147 3522 «emptorque
1170 3459 1318 3510 uocabatur
1338 3460 1468 3510 bonorum

965 3542 1468 3613 «emptor,omnesqueactiones,quae

965 3634 1114 3685 «subeunti
1132 3636 1266 3687 bonorum
1281 3638 1467 3689 uenditionem

965 3708 1192 3787 «competebant,
1209 3731 1248 3791 ¹at
1270 3731 1401 3790 quotquot
1421 3728 1468 3777 ad·

965 3824 1080 3862 «uersus
1097 3825 1161 3862 aum
1178 3819 1272 3873 erant,
1292 3814 1357 3864 illae
1373 3815 1401 3866 in
1420 3816 1467 3865 bo·

965 3913 1084 3950 «uorum
1102 3905 1253 3964 emptorem
1267 3903 1467 3954 transfereban-

965 3991 1048 4050 otur,
1067 3994 1149 4051 atque
1166 3988 1269 4041 utiliter
1286 3997 1313 4041 et
1331 3990 1427 4056 agebat
1439 3996 1467 4042 et

964 4076 1217 4139 «connectebatur,
1243 4080 1322 4131 sicuti
1342 4087 1369 4132 et
1387 4080 1467 4130 bono-

965 4168 1467 4234 «tamposscssommboaulmprae-

964 4253 1047 4304 «torti
1065 4259 1128 4303 sunt
1145 4268 1344 4308 successores.»
