<?xml version="1.0" encoding="UTF-8"?>
<!DOCTYPE html PUBLIC "-//W3C//DTD XHTML 1.0 Transitional//EN"
    "http://www.w3.org/TR/xhtml1/DTD/xhtml1-transitional.dtd">
<html xmlns="http://www.w3.org/1999/xhtml" xml:lang="en" lang="en">
 <head>
  <title>
</title>
<meta http-equiv="Content-Type" content="text/html;charset=utf-8" />
  <meta name='ocr-system' content='tesseract 3.04.00' />
  <meta name='ocr-capabilities' content='ocr_page ocr_carea ocr_par ocr_line ocrx_word'/>
</head>
<body>
  <div class='ocr_page' id='page_1' title='image "./semestriumadmtu01kellgoog_0134.png"; bbox 0 0 3352 5276; ppageno 0'>
   <div class='ocr_carea' id='block_1_1' title="bbox 203 511 1266 614">
    <p class='ocr_par' dir='ltr' id='par_1_1' title="bbox 203 511 1266 614">
     <span class='ocr_line' id='line_1_1' title="bbox 203 511 1266 614; baseline 0.002 -27"><span class='ocrx_word' id='word_1_1' title='bbox 203 526 241 604; x_wconf 76' lang='grc' dir='ltr'><strong>ς.</strong></span> <span class='ocrx_word' id='word_1_2' title='bbox 259 515 296 587; x_wconf 83' lang='grc'>7.</span> <span class='ocrx_word' id='word_1_3' title='bbox 324 513 384 589; x_wconf 85' lang='grc' dir='ltr'><strong>Α·.</strong></span> <span class='ocrx_word' id='word_1_4' title='bbox 402 511 466 601; x_wconf 66' lang='lat' dir='ltr'>Q‘.</span> <span class='ocrx_word' id='word_1_5' title='bbox 480 515 668 589; x_wconf 74' lang='lat' dir='ltr'>absentem</span> <span class='ocrx_word' id='word_1_6' title='bbox 684 523 786 589; x_wconf 85' lang='lat' dir='ltr'>recte</span> <span class='ocrx_word' id='word_1_7' title='bbox 804 513 1015 614; x_wconf 80' lang='lat' dir='ltr'>defenderit</span> <span class='ocrx_word' id='word_1_8' title='bbox 1030 539 1160 592; x_wconf 83' lang='lat' dir='ltr'>aeeaa</span> <span class='ocrx_word' id='word_1_9' title='bbox 1207 518 1266 581; x_wconf 79' lang='lat'>115</span> 
     </span>
    </p>
   </div>
   <div class='ocr_carea' id='block_1_2' title="bbox 205 701 1404 794">
    <p class='ocr_par' dir='ltr' id='par_1_2' title="bbox 205 701 1404 794">
     <span class='ocr_line' id='line_1_2' title="bbox 205 701 1404 794; baseline -0.008 -23"><span class='ocrx_word' id='word_1_10' title='bbox 205 704 439 794; x_wconf 77' lang='lat' dir='ltr'>cognorimus,</span> <span class='ocrx_word' id='word_1_11' title='bbox 475 706 512 767; x_wconf 90' lang='lat' dir='ltr'>ut</span> <span class='ocrx_word' id='word_1_12' title='bbox 537 703 627 768; x_wconf 87' lang='lat' dir='ltr'>iusta</span> <span class='ocrx_word' id='word_1_13' title='bbox 653 701 731 768; x_wconf 87' lang='lat' dir='ltr'>inde</span> <span class='ocrx_word' id='word_1_14' title='bbox 757 703 875 770; x_wconf 86' lang='lat' dir='ltr'>Alieni</span> <span class='ocrx_word' id='word_1_15' title='bbox 903 703 1055 771; x_wconf 78' lang='lat' dir='ltr'><strong>defensio</strong></span> <span class='ocrx_word' id='word_1_16' title='bbox 1077 724 1123 772; x_wconf 86' lang='lat' dir='ltr'>ex</span> <span class='ocrx_word' id='word_1_17' title='bbox 1145 708 1268 787; x_wconf 76' lang='lat' dir='ltr'>iniusta</span> <span class='ocrx_word' id='word_1_18' title='bbox 1302 715 1404 762; x_wconf 69' lang='lat' dir='ltr'>ouum</span> 
     </span>
    </p>
   </div>
   <div class='ocr_carea' id='block_1_3' title="bbox 206 817 493 892">
    <p class='ocr_par' dir='ltr' id='par_1_3' title="bbox 206 817 493 892">
     <span class='ocr_line' id='line_1_3' title="bbox 206 817 493 892; baseline -0.007 -1"><span class='ocrx_word' id='word_1_19' title='bbox 206 817 493 892; x_wconf 68' lang='lat' dir='ltr'>constitueretur?</span> 
     </span>
    </p>
   </div>
   <div class='ocr_carea' id='block_1_4' title="bbox 205 982 1270 1452">
    <p class='ocr_par' dir='ltr' id='par_1_4' title="bbox 205 982 1270 1452">
     <span class='ocr_line' id='line_1_4' title="bbox 267 982 1270 1070; baseline 0.001 -20"><span class='ocrx_word' id='word_1_20' title='bbox 267 983 382 1070; x_wconf 86' lang='lat' dir='ltr'><strong>Atque</strong></span> <span class='ocrx_word' id='word_1_21' title='bbox 404 985 547 1069; x_wconf 78' lang='lat' dir='ltr'>priorem</span> <span class='ocrx_word' id='word_1_22' title='bbox 570 982 701 1069; x_wconf 85' lang='lat' dir='ltr'>quidem</span> <span class='ocrx_word' id='word_1_23' title='bbox 723 985 950 1069; x_wconf 81' lang='lat' dir='ltr'>quaestionem</span> <span class='ocrx_word' id='word_1_24' title='bbox 972 986 1089 1051; x_wconf 88' lang='lat' dir='ltr'>merito</span> <span class='ocrx_word' id='word_1_25' title='bbox 1109 987 1270 1051; x_wconf 85' lang='lat' dir='ltr'>statueris</span> 
     </span>
     <span class='ocr_line' id='line_1_5' title="bbox 206 1104 1269 1194; baseline 0.001 -22"><span class='ocrx_word' id='word_1_26' title='bbox 206 1125 246 1172; x_wconf 86' lang='lat' dir='ltr'>eo</span> <span class='ocrx_word' id='word_1_27' title='bbox 273 1110 377 1171; x_wconf 86' lang='lat' dir='ltr'>iotam</span> <span class='ocrx_word' id='word_1_28' title='bbox 398 1104 530 1171; x_wconf 84' lang='lat' dir='ltr'>redire:</span> <span class='ocrx_word' id='word_1_29' title='bbox 561 1122 688 1170; x_wconf 87' lang='lat' dir='ltr'>ueronc</span> <span class='ocrx_word' id='word_1_30' title='bbox 718 1104 867 1171; x_wconf 85' lang='lat' dir='ltr'>Alienus</span> <span class='ocrx_word' id='word_1_31' title='bbox 899 1125 943 1177; x_wconf 84' lang='lat' dir='ltr'>au</span> <span class='ocrx_word' id='word_1_32' title='bbox 964 1107 1052 1173; x_wconf 83' lang='lat' dir='ltr'>falso</span> <span class='ocrx_word' id='word_1_33' title='bbox 1083 1111 1269 1194; x_wconf 77' lang='lat' dir='ltr'>aepaacrit</span> 
     </span>
     <span class='ocr_line' id='line_1_6' title="bbox 205 1218 1268 1319; baseline -0.002 -24"><span class='ocrx_word' id='word_1_34' title='bbox 205 1224 306 1311; x_wconf 75' lang='lat' dir='ltr'>(sunt</span> <span class='ocrx_word' id='word_1_35' title='bbox 328 1230 401 1314; x_wconf 87' lang='lat' dir='ltr'>ipsa</span> <span class='ocrx_word' id='word_1_36' title='bbox 422 1225 596 1295; x_wconf 79' lang='lat' dir='ltr'>Ciceronis</span> <span class='ocrx_word' id='word_1_37' title='bbox 617 1218 775 1308; x_wconf 65' lang='lat' dir='ltr'>uerbaii]</span> <span class='ocrx_word' id='word_1_38' title='bbox 796 1247 945 1319; x_wconf 79' lang='lat' dir='ltr'>aequam</span> <span class='ocrx_word' id='word_1_39' title='bbox 966 1247 1040 1296; x_wconf 79' lang='lat' dir='ltr'>ease</span> <span class='ocrx_word' id='word_1_40' title='bbox 1056 1233 1268 1312; x_wconf 81' lang='lat' dir='ltr'>procurato-</span> 
     </span>
     <span class='ocr_line' id='line_1_7' title="bbox 205 1348 1270 1452; baseline 0 -37"><span class='ocrx_word' id='word_1_41' title='bbox 205 1370 279 1416; x_wconf 86' lang='lat' dir='ltr'>rem</span> <span class='ocrx_word' id='word_1_42' title='bbox 302 1350 499 1440; x_wconf 71' lang='lat' dir='ltr'>satisdare,</span> <span class='ocrx_word' id='word_1_43' title='bbox 533 1349 638 1452; x_wconf 34' lang='lat' dir='ltr'>qaod·</span> <span class='ocrx_word' id='word_1_44' title='bbox 657 1366 737 1415; x_wconf 81' lang='lat' dir='ltr'>reas</span> <span class='ocrx_word' id='word_1_45' title='bbox 765 1350 944 1449; x_wconf 79' lang='lat' dir='ltr'>satisdare</span> <span class='ocrx_word' id='word_1_46' title='bbox 971 1369 1042 1416; x_wconf 73' lang='lat' dir='ltr'>stoa</span> <span class='ocrx_word' id='word_1_47' title='bbox 1069 1348 1210 1415; x_wconf 82' lang='lat' dir='ltr'>deberet</span> <span class='ocrx_word' id='word_1_48' title='bbox 1238 1353 1270 1415; x_wconf 76' lang='lat' dir='ltr'>st</span> 
     </span>
    </p>
   </div>
   <div class='ocr_carea' id='block_1_5' title="bbox 204 1473 452 1559">
    <p class='ocr_par' dir='ltr' id='par_1_5' title="bbox 204 1473 452 1559">
     <span class='ocr_line' id='line_1_8' title="bbox 204 1473 452 1559; baseline -0.008 -23"><span class='ocrx_word' id='word_1_49' title='bbox 204 1476 278 1559; x_wconf 81' lang='lat' dir='ltr'>ipse</span> <span class='ocrx_word' id='word_1_50' title='bbox 301 1473 452 1538; x_wconf 71' lang='lat' dir='ltr'>adesset.</span> 
     </span>
    </p>
   </div>
   <div class='ocr_carea' id='block_1_6' title="bbox 269 1614 1466 1743">
    <p class='ocr_par' dir='ltr' id='par_1_6' title="bbox 269 1614 1466 1743">
     <span class='ocr_line' id='line_1_9' title="bbox 269 1614 1466 1743; baseline -0.003 -48"><span class='ocrx_word' id='word_1_51' title='bbox 269 1627 344 1712; x_wconf 81' lang='lat' dir='ltr'>Qua</span> <span class='ocrx_word' id='word_1_52' title='bbox 376 1632 409 1695; x_wconf 92' lang='lat' dir='ltr'>in</span> <span class='ocrx_word' id='word_1_53' title='bbox 440 1648 478 1694; x_wconf 87' lang='lat' dir='ltr'>re</span> <span class='ocrx_word' id='word_1_54' title='bbox 510 1629 720 1731; x_wconf 67' lang='lat' dir='ltr'>acquiram,</span> <span class='ocrx_word' id='word_1_55' title='bbox 757 1629 811 1695; x_wconf 94' lang='lat' dir='ltr'>cui</span> <span class='ocrx_word' id='word_1_56' title='bbox 840 1648 908 1694; x_wconf 93' lang='lat' dir='ltr'>non</span> <span class='ocrx_word' id='word_1_57' title='bbox 934 1629 1048 1697; x_wconf 86' lang='lat' dir='ltr'>statim</span> <span class='ocrx_word' id='word_1_58' title='bbox 1076 1631 1268 1718; x_wconf 82' lang='lat' dir='ltr'>succurrat,</span> <span class='ocrx_word' id='word_1_59' title='bbox 1288 1614 1466 1743; x_wconf 45' lang='lat' dir='ltr'>offfi&#39;ff</span> 
     </span>
    </p>
   </div>
   <div class='ocr_carea' id='block_1_7' title="bbox 206 1748 1437 1837">
    <p class='ocr_par' dir='ltr' id='par_1_7' title="bbox 206 1748 1437 1837">
     <span class='ocr_line' id='line_1_10' title="bbox 206 1748 1437 1837; baseline -0.003 -21"><span class='ocrx_word' id='word_1_60' title='bbox 206 1750 296 1837; x_wconf 86' lang='lat' dir='ltr'>apud</span> <span class='ocrx_word' id='word_1_61' title='bbox 316 1750 458 1815; x_wconf 81' lang='lat' dir='ltr'>Romani</span> <span class='ocrx_word' id='word_1_62' title='bbox 481 1751 562 1815; x_wconf 89' lang='lat' dir='ltr'>iuris</span> <span class='ocrx_word' id='word_1_63' title='bbox 582 1753 740 1816; x_wconf 75' lang='lat' dir='ltr'>auctores</span> <span class='ocrx_word' id='word_1_64' title='bbox 761 1748 843 1815; x_wconf 86' lang='lat' dir='ltr'>nihil</span> <span class='ocrx_word' id='word_1_65' title='bbox 865 1753 931 1816; x_wconf 88' lang='lat' dir='ltr'>tam</span> <span class='ocrx_word' id='word_1_66' title='bbox 954 1751 1163 1834; x_wconf 84' lang='lat' dir='ltr'>exploratum</span> <span class='ocrx_word' id='word_1_67' title='bbox 1182 1770 1271 1815; x_wconf 90' lang='lat' dir='ltr'>uno·</span> <span class='ocrx_word' id='word_1_68' title='bbox 1288 1762 1437 1801; x_wconf 65' lang='lat' dir='ltr'>meam-0·</span> 
     </span>
    </p>
   </div>
   <div class='ocr_carea' id='block_1_8' title="bbox 206 1870 1274 3174">
    <p class='ocr_par' dir='ltr' id='par_1_8' title="bbox 207 1870 1271 2204">
     <span class='ocr_line' id='line_1_11' title="bbox 208 1870 1271 1959; baseline -0.001 -21"><span class='ocrx_word' id='word_1_69' title='bbox 208 1892 272 1958; x_wconf 87' lang='lat' dir='ltr'>que</span> <span class='ocrx_word' id='word_1_70' title='bbox 294 1891 461 1939; x_wconf 86' lang='lat' dir='ltr'>consensu</span> <span class='ocrx_word' id='word_1_71' title='bbox 483 1872 733 1958; x_wconf 86' lang='lat' dir='ltr'>comprobatum</span> <span class='ocrx_word' id='word_1_72' title='bbox 756 1890 847 1959; x_wconf 86' lang='lat' dir='ltr'>csse,</span> <span class='ocrx_word' id='word_1_73' title='bbox 876 1890 973 1956; x_wconf 85' lang='lat' dir='ltr'>quam</span> <span class='ocrx_word' id='word_1_74' title='bbox 1002 1870 1091 1959; x_wconf 88' lang='lat' dir='ltr'>quod</span> <span class='ocrx_word' id='word_1_75' title='bbox 1115 1872 1213 1937; x_wconf 84' lang='lat' dir='ltr'>etiam</span> <span class='ocrx_word' id='word_1_76' title='bbox 1236 1872 1271 1937; x_wconf 93' lang='lat' dir='ltr'>in</span> 
     </span>
     <span class='ocr_line' id='line_1_12' title="bbox 207 1993 1271 2080; baseline 0 -21"><span class='ocrx_word' id='word_1_77' title='bbox 207 1996 418 2080; x_wconf 89' lang='lat' dir='ltr'>prouerbium</span> <span class='ocrx_word' id='word_1_78' title='bbox 440 1994 513 2059; x_wconf 85' lang='lat' dir='ltr'>iere</span> <span class='ocrx_word' id='word_1_79' title='bbox 534 1995 694 2080; x_wconf 76' lang='lat' dir='ltr'>transiit„</span> <span class='ocrx_word' id='word_1_80' title='bbox 711 1996 872 2058; x_wconf 87' lang='lat' dir='ltr'>neminem</span> <span class='ocrx_word' id='word_1_81' title='bbox 894 1994 1024 2058; x_wconf 86' lang='lat' dir='ltr'>alienae</span> <span class='ocrx_word' id='word_1_82' title='bbox 1045 1993 1100 2079; x_wconf 84' lang='lat' dir='ltr'>rei¹</span> <span class='ocrx_word' id='word_1_83' title='bbox 1116 1995 1190 2058; x_wconf 84' lang='lat' dir='ltr'>sine</span> <span class='ocrx_word' id='word_1_84' title='bbox 1211 2011 1271 2059; x_wconf 90' lang='lat' dir='ltr'>sa-</span> 
     </span>
     <span class='ocr_line' id='line_1_13' title="bbox 207 2107 1056 2204; baseline -0.002 -23"><span class='ocrx_word' id='word_1_85' title='bbox 207 2115 388 2182; x_wconf 85' lang='lat' dir='ltr'>tisdatione</span> <span class='ocrx_word' id='word_1_86' title='bbox 410 2115 565 2181; x_wconf 88' lang='lat' dir='ltr'>idoneum</span> <span class='ocrx_word' id='word_1_87' title='bbox 586 2114 799 2181; x_wconf 88' lang='lat' dir='ltr'>defensorem</span> <span class='ocrx_word' id='word_1_88' title='bbox 820 2116 963 2204; x_wconf 80' lang='lat' dir='ltr'>intelligi</span> <span class='ocrx_word' id='word_1_89' title='bbox 974 2107 1026 2194; x_wconf 56' lang='lat' dir='ltr'>ii?</span> <span class='ocrx_word' id='word_1_90' title='bbox 1050 2112 1056 2121; x_wconf 76' lang='grc'><em>’</em></span> 
     </span>
    </p>

    <p class='ocr_par' dir='ltr' id='par_1_9' title="bbox 206 2208 1273 2924">
     <span class='ocr_line' id='line_1_14' title="bbox 270 2208 1272 2327; baseline -0.003 -23"><span class='ocrx_word' id='word_1_91' title='bbox 270 2237 328 2304; x_wconf 80' lang='lat' dir='ltr'>Ad</span> <span class='ocrx_word' id='word_1_92' title='bbox 348 2237 436 2304; x_wconf 86' lang='lat' dir='ltr'>hauc</span> <span class='ocrx_word' id='word_1_93' title='bbox 458 2208 562 2327; x_wconf 81' lang='lat' dir='ltr'>igitur</span> <span class='ocrx_word' id='word_1_94' title='bbox 583 2237 733 2326; x_wconf 80' lang='lat' dir='ltr'>reguiam</span> <span class='ocrx_word' id='word_1_95' title='bbox 756 2238 809 2322; x_wconf 91' lang='lat' dir='ltr'>qui</span> <span class='ocrx_word' id='word_1_96' title='bbox 833 2235 951 2302; x_wconf 86' lang='lat' dir='ltr'>Alieni</span> <span class='ocrx_word' id='word_1_97' title='bbox 973 2238 1062 2303; x_wconf 90' lang='lat' dir='ltr'>iilum</span> <span class='ocrx_word' id='word_1_98' title='bbox 1084 2240 1192 2305; x_wconf 90' lang='lat' dir='ltr'>iocum</span> <span class='ocrx_word' id='word_1_99' title='bbox 1217 2235 1272 2302; x_wconf 87' lang='lat' dir='ltr'>di-</span> 
     </span>
     <span class='ocr_line' id='line_1_15' title="bbox 206 2359 1271 2448; baseline 0.001 -23"><span class='ocrx_word' id='word_1_100' title='bbox 206 2361 375 2448; x_wconf 81' lang='lat' dir='ltr'>rigerent,</span> <span class='ocrx_word' id='word_1_101' title='bbox 396 2359 550 2425; x_wconf 85' lang='lat' dir='ltr'>dubitare</span> <span class='ocrx_word' id='word_1_102' title='bbox 571 2378 641 2422; x_wconf 92' lang='lat' dir='ltr'>non</span> <span class='ocrx_word' id='word_1_103' title='bbox 662 2362 862 2444; x_wconf 85' lang='lat' dir='ltr'>potueruut,</span> <span class='ocrx_word' id='word_1_104' title='bbox 888 2362 966 2443; x_wconf 85' lang='lat' dir='ltr'>quin</span> <span class='ocrx_word' id='word_1_105' title='bbox 987 2363 1187 2427; x_wconf 84' lang='lat' dir='ltr'>sententiam</span> <span class='ocrx_word' id='word_1_106' title='bbox 1206 2381 1271 2448; x_wconf 86' lang='lat' dir='ltr'>pro</span> 
     </span>
     <span class='ocr_line' id='line_1_16' title="bbox 207 2456 1273 2569; baseline -0.001 -22"><span class='ocrx_word' id='word_1_107' title='bbox 207 2479 346 2547; x_wconf 85' lang='lat' dir='ltr'>Naeuio</span> <span class='ocrx_word' id='word_1_108' title='bbox 380 2480 517 2567; x_wconf 76' lang='lat' dir='ltr'>darent,</span> <span class='ocrx_word' id='word_1_109' title='bbox 549 2482 651 2569; x_wconf 87' lang='lat' dir='ltr'>atque</span> <span class='ocrx_word' id='word_1_110' title='bbox 680 2456 853 2545; x_wconf 80' lang='lat' dir='ltr'>Praetoris</span> <span class='ocrx_word' id='word_1_111' title='bbox 886 2479 1056 2546; x_wconf 85' lang='lat' dir='ltr'>decretum</span> <span class='ocrx_word' id='word_1_112' title='bbox 1088 2482 1209 2546; x_wconf 87' lang='lat' dir='ltr'>iustum</span> <span class='ocrx_word' id='word_1_113' title='bbox 1238 2484 1273 2547; x_wconf 91' lang='lat' dir='ltr'>et</span> 
     </span>
     <span class='ocr_line' id='line_1_17' title="bbox 208 2590 1273 2687; baseline 0 -20"><span class='ocrx_word' id='word_1_114' title='bbox 208 2621 347 2687; x_wconf 89' lang='lat' dir='ltr'>aequum</span> <span class='ocrx_word' id='word_1_115' title='bbox 362 2598 478 2666; x_wconf 71' lang='lat' dir='ltr'>&#39;fuisse</span> <span class='ocrx_word' id='word_1_116' title='bbox 506 2601 778 2685; x_wconf 79' lang='lat' dir='ltr'>pronunciarent.</span> <span class='ocrx_word' id='word_1_117' title='bbox 832 2590 907 2682; x_wconf 77' lang='lat' dir='ltr'>Quo</span> <span class='ocrx_word' id='word_1_118' title='bbox 940 2620 1076 2669; x_wconf 88' lang='lat' dir='ltr'>numero</span> <span class='ocrx_word' id='word_1_119' title='bbox 1104 2603 1273 2667; x_wconf 88' lang='lat' dir='ltr'>inuenitur</span> 
     </span>
     <span class='ocr_line' id='line_1_18' title="bbox 208 2722 1273 2817; baseline 0.003 -31"><span class='ocrx_word' id='word_1_120' title='bbox 208 2722 391 2788; x_wconf 83' lang='lat' dir='ltr'>Doctorum</span> <span class='ocrx_word' id='word_1_121' title='bbox 413 2741 496 2807; x_wconf 84' lang='lat' dir='ltr'>pars</span> <span class='ocrx_word' id='word_1_122' title='bbox 518 2739 600 2786; x_wconf 87' lang='lat' dir='ltr'>sane</span> <span class='ocrx_word' id='word_1_123' title='bbox 627 2723 787 2805; x_wconf 83' lang='lat' dir='ltr'>maxima,</span> <span class='ocrx_word' id='word_1_124' title='bbox 823 2723 927 2787; x_wconf 85' lang='lat' dir='ltr'>ueluti</span> <span class='ocrx_word' id='word_1_125' title='bbox 954 2723 1030 2787; x_wconf 89' lang='lat' dir='ltr'>oiim</span> <span class='ocrx_word' id='word_1_126' title='bbox 1058 2722 1273 2817; x_wconf 82' lang='lat' dir='ltr'>Meaardas,</span> 
     </span>
     <span class='ocr_line' id='line_1_19' title="bbox 210 2824 1232 2924; baseline 0.004 -18"><span class='ocrx_word' id='word_1_127' title='bbox 210 2824 326 2909; x_wconf 79' lang='lat' dir='ltr'>nostra</span> <span class='ocrx_word' id='word_1_128' title='bbox 347 2862 428 2909; x_wconf 87' lang='lat' dir='ltr'>uero</span> <span class='ocrx_word' id='word_1_129' title='bbox 450 2845 564 2910; x_wconf 87' lang='lat' dir='ltr'>aetate</span> <span class='ocrx_word' id='word_1_130' title='bbox 585 2835 860 2922; x_wconf 57' lang='lat' dir='ltr'>Zimmeraiasii</span> <span class='ocrx_word' id='word_1_131' title='bbox 887 2846 921 2908; x_wconf 87' lang='lat' dir='ltr'>ei</span> <span class='ocrx_word' id='word_1_132' title='bbox 942 2841 1187 2910; x_wconf 81' lang='lat' dir='ltr'>Betdmaanas</span> <span class='ocrx_word' id='word_1_133' title='bbox 1198 2837 1232 2924; x_wconf 83' lang='lat'><strong>⁵).</strong></span> 
     </span>
    </p>

    <p class='ocr_par' dir='ltr' id='par_1_10' title="bbox 209 2963 1274 3174">
     <span class='ocr_line' id='line_1_20' title="bbox 271 2963 1274 3050; baseline 0.001 -19"><span class='ocrx_word' id='word_1_134' title='bbox 271 2963 343 3032; x_wconf 84' lang='lat' dir='ltr'>Nec</span> <span class='ocrx_word' id='word_1_135' title='bbox 372 2968 483 3030; x_wconf 83' lang='lat' dir='ltr'>tamen</span> <span class='ocrx_word' id='word_1_136' title='bbox 509 2963 705 3047; x_wconf 83' lang='lat' dir='ltr'>defuerunt,</span> <span class='ocrx_word' id='word_1_137' title='bbox 739 2966 794 3050; x_wconf 84' lang='lat' dir='ltr'>qui</span> <span class='ocrx_word' id='word_1_138' title='bbox 823 2967 923 3031; x_wconf 83' lang='lat' dir='ltr'>aliter</span> <span class='ocrx_word' id='word_1_139' title='bbox 951 2965 993 3031; x_wconf 88' lang='lat' dir='ltr'>de</span> <span class='ocrx_word' id='word_1_140' title='bbox 1020 2984 1061 3031; x_wconf 88' lang='lat' dir='ltr'>ea</span> <span class='ocrx_word' id='word_1_141' title='bbox 1081 2985 1119 3032; x_wconf 90' lang='lat' dir='ltr'>re</span> <span class='ocrx_word' id='word_1_142' title='bbox 1140 2970 1274 3032; x_wconf 79' lang='lat' dir='ltr'>statue-</span> 
     </span>
     <span class='ocr_line' id='line_1_21' title="bbox 209 3056 1274 3174; baseline 0.003 -24"><span class='ocrx_word' id='word_1_143' title='bbox 209 3089 303 3174; x_wconf 86' lang='lat' dir='ltr'>rent,</span> <span class='ocrx_word' id='word_1_144' title='bbox 332 3105 373 3154; x_wconf 89' lang='lat' dir='ltr'>ac</span> <span class='ocrx_word' id='word_1_145' title='bbox 401 3088 519 3172; x_wconf 86' lang='lat' dir='ltr'>partim</span> <span class='ocrx_word' id='word_1_146' title='bbox 548 3088 582 3150; x_wconf 90' lang='lat' dir='ltr'>in</span> <span class='ocrx_word' id='word_1_147' title='bbox 610 3104 751 3152; x_wconf 77' lang='lat' dir='ltr'>caussae</span> <span class='ocrx_word' id='word_1_148' title='bbox 774 3056 996 3167; x_wconf 76' lang='lat' dir='ltr'>Quinctianae</span> <span class='ocrx_word' id='word_1_149' title='bbox 1018 3088 1132 3172; x_wconf 89' lang='lat' dir='ltr'>specie</span> <span class='ocrx_word' id='word_1_150' title='bbox 1154 3090 1274 3173; x_wconf 86' lang='lat' dir='ltr'>partim</span> 
     </span>
    </p>
   </div>
   <div class='ocr_carea' id='block_1_9' title="bbox 208 3316 715 4268">
    <p class='ocr_par' dir='ltr' id='par_1_11' title="bbox 242 3316 454 3383">
     <span class='ocr_line' id='line_1_22' title="bbox 242 3316 454 3383; baseline -0.009 -13"><span class='ocrx_word' id='word_1_151' title='bbox 242 3316 272 3383; x_wconf 75' lang='lat'>2)</span> <span class='ocrx_word' id='word_1_152' title='bbox 292 3333 317 3370; x_wconf 90' lang='lat' dir='ltr'>c.</span> <span class='ocrx_word' id='word_1_153' title='bbox 335 3319 363 3370; x_wconf 81' lang='lat'><strong>7.</strong></span> <span class='ocrx_word' id='word_1_154' title='bbox 383 3333 407 3370; x_wconf 90' lang='lat' dir='ltr'>s.</span> <span class='ocrx_word' id='word_1_155' title='bbox 426 3319 454 3369; x_wconf 83' lang='lat' dir='ltr'><strong>fi.</strong></span> 
     </span>
    </p>

    <p class='ocr_par' dir='ltr' id='par_1_12' title="bbox 208 3402 715 4268">
     <span class='ocr_line' id='line_1_23' title="bbox 243 3402 713 3471; baseline -0.015 -11"><span class='ocrx_word' id='word_1_156' title='bbox 243 3407 272 3471; x_wconf 87' lang='grc'><strong>3)</strong></span> <span class='ocrx_word' id='word_1_157' title='bbox 290 3409 359 3459; x_wconf 86' lang='lat' dir='ltr'>Vide</span> <span class='ocrx_word' id='word_1_158' title='bbox 370 3405 435 3457; x_wconf 85' lang='lat' dir='ltr'>Gaii</span> <span class='ocrx_word' id='word_1_159' title='bbox 444 3407 548 3457; x_wconf 80' lang='lat' dir='ltr'>comm.</span> <span class='ocrx_word' id='word_1_160' title='bbox 557 3405 602 3456; x_wconf 83' lang='lat' dir='ltr'>iv.</span> <span class='ocrx_word' id='word_1_161' title='bbox 611 3402 641 3467; x_wconf 90' lang='grc'>6.</span> <span class='ocrx_word' id='word_1_162' title='bbox 651 3407 713 3455; x_wconf 83' lang='grc'><strong>101.</strong></span> 
     </span>
     <span class='ocr_line' id='line_1_24' title="bbox 209 3494 712 3561; baseline -0.01 -12"><span class='ocrx_word' id='word_1_163' title='bbox 209 3494 271 3560; x_wconf 62' lang='grc'><strong>016.</strong></span> <span class='ocrx_word' id='word_1_164' title='bbox 281 3495 375 3561; x_wconf 66' lang='grc'><strong>1.6.5,.</strong></span> <span class='ocrx_word' id='word_1_165' title='bbox 390 3497 413 3545; x_wconf 93' lang='grc' dir='ltr'>Ι.</span> <span class='ocrx_word' id='word_1_166' title='bbox 431 3495 471 3545; x_wconf 86' lang='lat' dir='ltr'>De</span> <span class='ocrx_word' id='word_1_167' title='bbox 482 3494 712 3544; x_wconf 79' lang='lat' dir='ltr'>satisdationibus.</span> 
     </span>
     <span class='ocr_line' id='line_1_25' title="bbox 208 3582 712 3647; baseline -0.016 -9"><span class='ocrx_word' id='word_1_168' title='bbox 208 3588 314 3638; x_wconf 86' lang='lat' dir='ltr'>Deinde</span> <span class='ocrx_word' id='word_1_169' title='bbox 340 3583 420 3646; x_wconf 79' lang='lat' dir='ltr'>Gaii,</span> <span class='ocrx_word' id='word_1_170' title='bbox 452 3584 576 3647; x_wconf 81' lang='lat' dir='ltr'>Ulpiani,</span> <span class='ocrx_word' id='word_1_171' title='bbox 604 3582 712 3637; x_wconf 79' lang='lat' dir='ltr'>Paulli,</span> 
     </span>
     <span class='ocr_line' id='line_1_26' title="bbox 209 3670 713 3731; baseline -0.012 -4"><span class='ocrx_word' id='word_1_172' title='bbox 209 3676 355 3731; x_wconf 76' lang='lat' dir='ltr'>Modestiai</span> <span class='ocrx_word' id='word_1_173' title='bbox 378 3673 533 3725; x_wconf 82' lang='lat' dir='ltr'>testimonia</span> <span class='ocrx_word' id='word_1_174' title='bbox 558 3672 586 3720; x_wconf 91' lang='lat' dir='ltr'>iu</span> <span class='ocrx_word' id='word_1_175' title='bbox 613 3670 644 3721; x_wconf 83' lang='lat' dir='ltr'><strong>L.</strong></span> <span class='ocrx_word' id='word_1_176' title='bbox 667 3671 713 3721; x_wconf 77' lang='lat' dir='ltr'>io.</span> 
     </span>
     <span class='ocr_line' id='line_1_27' title="bbox 210 3758 713 3826; baseline -0.01 -12"><span class='ocrx_word' id='word_1_177' title='bbox 210 3758 713 3826; x_wconf 62' lang='lat' dir='ltr'>unumpanmnm</span> 
     </span>
     <span class='ocr_line' id='line_1_28' title="bbox 209 3843 713 3916; baseline -0.018 -12"><span class='ocrx_word' id='word_1_178' title='bbox 209 3852 250 3903; x_wconf 81' lang='lat' dir='ltr'>lie</span> <span class='ocrx_word' id='word_1_179' title='bbox 269 3852 503 3916; x_wconf 82' lang='lat' dir='ltr'>procuratoribus,</span> <span class='ocrx_word' id='word_1_180' title='bbox 529 3849 559 3897; x_wconf 87' lang='lat' dir='ltr'><strong>L.</strong></span> <span class='ocrx_word' id='word_1_181' title='bbox 580 3847 623 3898; x_wconf 96' lang='grc'>35.</span> <span class='ocrx_word' id='word_1_182' title='bbox 643 3843 671 3908; x_wconf 88' lang='grc'>6.</span> <span class='ocrx_word' id='word_1_183' title='bbox 686 3847 713 3897; x_wconf 93' lang='grc'>3.</span> 
     </span>
     <span class='ocr_line' id='line_1_29' title="bbox 211 3930 715 3993; baseline -0.014 -3"><span class='ocrx_word' id='word_1_184' title='bbox 211 3942 241 3990; x_wconf 87' lang='grc' dir='ltr'>Ι..</span> <span class='ocrx_word' id='word_1_185' title='bbox 260 3942 305 3993; x_wconf 87' lang='grc'>36.</span> <span class='ocrx_word' id='word_1_186' title='bbox 324 3941 385 3991; x_wconf 85' lang='lat' dir='ltr'>cod.</span> <span class='ocrx_word' id='word_1_187' title='bbox 407 3941 439 3991; x_wconf 88' lang='lat' dir='ltr'><strong>L.</strong></span> <span class='ocrx_word' id='word_1_188' title='bbox 458 3940 503 3991; x_wconf 95' lang='grc'>63.</span> <span class='ocrx_word' id='word_1_189' title='bbox 530 3939 570 3989; x_wconf 81' lang='lat' dir='ltr'>lie</span> <span class='ocrx_word' id='word_1_190' title='bbox 595 3930 715 3985; x_wconf 83' lang='lat' dir='ltr'>iudiciis.</span> 
     </span>
     <span class='ocr_line' id='line_1_30' title="bbox 211 4026 713 4092; baseline -0.008 -14"><span class='ocrx_word' id='word_1_191' title='bbox 211 4030 242 4080; x_wconf 87' lang='lat' dir='ltr'><strong>L.</strong></span> <span class='ocrx_word' id='word_1_192' title='bbox 255 4031 282 4080; x_wconf 87' lang='lat'><strong>5.</strong></span> <span class='ocrx_word' id='word_1_193' title='bbox 302 4026 332 4092; x_wconf 91' lang='grc'>6.</span> <span class='ocrx_word' id='word_1_194' title='bbox 346 4029 371 4078; x_wconf 97' lang='grc'>3.</span> <span class='ocrx_word' id='word_1_195' title='bbox 392 4030 471 4091; x_wconf 86' lang='lat' dir='ltr'>Quib.</span> <span class='ocrx_word' id='word_1_196' title='bbox 488 4043 520 4079; x_wconf 83' lang='lat' dir='ltr'>ex</span> <span class='ocrx_word' id='word_1_197' title='bbox 538 4041 599 4078; x_wconf 85' lang='lat' dir='ltr'>cau.</span> <span class='ocrx_word' id='word_1_198' title='bbox 620 4027 648 4076; x_wconf 92' lang='lat' dir='ltr'>iu</span> <span class='ocrx_word' id='word_1_199' title='bbox 667 4038 713 4088; x_wconf 92' lang='lat' dir='ltr'>po.</span> 
     </span>
     <span class='ocr_line' id='line_1_31' title="bbox 211 4113 713 4179; baseline -0.012 -11"><span class='ocrx_word' id='word_1_200' title='bbox 211 4132 238 4168; x_wconf 86' lang='lat' dir='ltr'>e.</span> <span class='ocrx_word' id='word_1_201' title='bbox 257 4119 288 4167; x_wconf 86' lang='lat' dir='ltr'><strong>L.</strong></span> <span class='ocrx_word' id='word_1_202' title='bbox 307 4118 350 4169; x_wconf 88' lang='lat'><strong>10.</strong></span> <span class='ocrx_word' id='word_1_203' title='bbox 370 4116 401 4166; x_wconf 91' lang='lat' dir='ltr'><strong>L.</strong></span> <span class='ocrx_word' id='word_1_204' title='bbox 421 4118 447 4167; x_wconf 87' lang='lat'><strong>5.</strong></span> <span class='ocrx_word' id='word_1_205' title='bbox 466 4114 495 4179; x_wconf 91' lang='grc'>6.</span> <span class='ocrx_word' id='word_1_206' title='bbox 512 4113 538 4167; x_wconf 85' lang='grc'>3.</span> <span class='ocrx_word' id='word_1_207' title='bbox 561 4117 713 4167; x_wconf 84' lang='lat' dir='ltr'>iudicatum</span> 
     </span>
     <span class='ocr_line' id='line_1_32' title="bbox 211 4201 714 4268; baseline -0.008 -11"><span class='ocrx_word' id='word_1_208' title='bbox 211 4207 290 4258; x_wconf 83' lang='lat' dir='ltr'>solui.</span> <span class='ocrx_word' id='word_1_209' title='bbox 302 4207 332 4257; x_wconf 87' lang='lat' dir='ltr'><strong>L.</strong></span> <span class='ocrx_word' id='word_1_210' title='bbox 343 4208 369 4257; x_wconf 89' lang='lat'><strong>5.</strong></span> <span class='ocrx_word' id='word_1_211' title='bbox 380 4203 430 4268; x_wconf 88' lang='grc'>66.</span> <span class='ocrx_word' id='word_1_212' title='bbox 442 4208 484 4258; x_wconf 82' lang='grc'>13.</span> <span class='ocrx_word' id='word_1_213' title='bbox 494 4206 539 4256; x_wconf 75' lang='lat'><strong>2⁰.</strong></span> <span class='ocrx_word' id='word_1_214' title='bbox 549 4206 589 4256; x_wconf 87' lang='lat' dir='ltr'>De</span> <span class='ocrx_word' id='word_1_215' title='bbox 599 4204 632 4256; x_wconf 92' lang='lat'><strong>0.</strong></span> <span class='ocrx_word' id='word_1_216' title='bbox 640 4204 673 4255; x_wconf 88' lang='lat' dir='ltr'>N.</span> <span class='ocrx_word' id='word_1_217' title='bbox 682 4201 714 4253; x_wconf 88' lang='lat' dir='ltr'>N·</span> 
     </span>
    </p>
   </div>
   <div class='ocr_carea' id='block_1_10' title="bbox 211 4290 719 4356">
    <p class='ocr_par' dir='ltr' id='par_1_13' title="bbox 211 4290 719 4356">
     <span class='ocr_line' id='line_1_33' title="bbox 211 4290 719 4356; baseline -0.014 -9"><span class='ocrx_word' id='word_1_218' title='bbox 211 4297 242 4347; x_wconf 84' lang='lat' dir='ltr'><strong>L.</strong></span> <span class='ocrx_word' id='word_1_219' title='bbox 263 4296 325 4347; x_wconf 87' lang='grc'><strong>166.</strong></span> <span class='ocrx_word' id='word_1_220' title='bbox 344 4295 374 4345; x_wconf 83' lang='grc' dir='ltr'>Ι..</span> <span class='ocrx_word' id='word_1_221' title='bbox 394 4295 455 4345; x_wconf 84' lang='lat'><strong>110.</strong></span> <span class='ocrx_word' id='word_1_222' title='bbox 474 4291 502 4356; x_wconf 84' lang='grc'>6.</span> <span class='ocrx_word' id='word_1_223' title='bbox 521 4295 547 4343; x_wconf 90' lang='grc'>1.</span> <span class='ocrx_word' id='word_1_224' title='bbox 586 4293 626 4344; x_wconf 72' lang='lat' dir='ltr'>lis</span> <span class='ocrx_word' id='word_1_225' title='bbox 643 4292 675 4341; x_wconf 83' lang='lat' dir='ltr'>R·</span> <span class='ocrx_word' id='word_1_226' title='bbox 694 4290 719 4340; x_wconf 88' lang='grc' dir='ltr'>Ι.</span> 
     </span>
    </p>
   </div>
   <div class='ocr_carea' id='block_1_11' title="bbox 211 4378 717 4435">
    <p class='ocr_par' dir='ltr' id='par_1_14' title="bbox 211 4378 717 4435">
     <span class='ocr_line' id='line_1_34' title="bbox 211 4378 717 4435; baseline -0.016 0"><span class='ocrx_word' id='word_1_227' title='bbox 211 4386 242 4435; x_wconf 87' lang='lat' dir='ltr'><strong>L.</strong></span> <span class='ocrx_word' id='word_1_228' title='bbox 258 4385 303 4435; x_wconf 77' lang='lat'><strong>21.</strong></span> <span class='ocrx_word' id='word_1_229' title='bbox 323 4385 418 4435; x_wconf 73' lang='lat' dir='ltr'>liniam</span> <span class='ocrx_word' id='word_1_230' title='bbox 434 4396 494 4434; x_wconf 88' lang='lat' dir='ltr'>rem</span> <span class='ocrx_word' id='word_1_231' title='bbox 505 4382 610 4433; x_wconf 79' lang='lat' dir='ltr'>haberi.</span> <span class='ocrx_word' id='word_1_232' title='bbox 627 4378 717 4430; x_wconf 76' lang='lat' dir='ltr'><strong>L-1d.</strong></span> 
     </span>
    </p>
   </div>
   <div class='ocr_carea' id='block_1_12' title="bbox 771 3316 1279 4359">
    <p class='ocr_par' dir='ltr' id='par_1_15' title="bbox 771 3316 1278 3914">
     <span class='ocr_line' id='line_1_35' title="bbox 771 3316 1275 3382; baseline 0.008 -15"><span class='ocrx_word' id='word_1_233' title='bbox 771 3318 823 3381; x_wconf 83' lang='lat' dir='ltr'>Qui</span> <span class='ocrx_word' id='word_1_234' title='bbox 842 3318 935 3369; x_wconf 84' lang='lat' dir='ltr'>satisd.</span> <span class='ocrx_word' id='word_1_235' title='bbox 955 3332 1016 3381; x_wconf 79' lang='lat' dir='ltr'>cog.</span> <span class='ocrx_word' id='word_1_236' title='bbox 1037 3319 1067 3368; x_wconf 88' lang='lat' dir='ltr'><strong>L.</strong></span> <span class='ocrx_word' id='word_1_237' title='bbox 1083 3318 1127 3369; x_wconf 76' lang='lat'><strong>21.</strong></span> <span class='ocrx_word' id='word_1_238' title='bbox 1148 3316 1217 3382; x_wconf 91' lang='grc'>63.</span> <span class='ocrx_word' id='word_1_239' title='bbox 1237 3321 1275 3371; x_wconf 80' lang='lat' dir='ltr'>Ex</span> 
     </span>
     <span class='ocr_line' id='line_1_36' title="bbox 772 3406 1274 3473; baseline 0.008 -16"><span class='ocrx_word' id='word_1_240' title='bbox 772 3408 846 3471; x_wconf 80' lang='lat' dir='ltr'>quib.</span> <span class='ocrx_word' id='word_1_241' title='bbox 861 3419 923 3457; x_wconf 80' lang='lat' dir='ltr'>cau.</span> <span class='ocrx_word' id='word_1_242' title='bbox 938 3407 1002 3458; x_wconf 82' lang='lat' dir='ltr'>mai.</span> <span class='ocrx_word' id='word_1_243' title='bbox 1016 3430 1049 3441; x_wconf 91' lang='lat'><em>-</em></span> <span class='ocrx_word' id='word_1_244' title='bbox 1065 3406 1151 3457; x_wconf 81' lang='lat' dir='ltr'>Vatia.</span> <span class='ocrx_word' id='word_1_245' title='bbox 1164 3409 1274 3473; x_wconf 75' lang='lat' dir='ltr'>Fragm.</span> 
     </span>
     <span class='ocr_line' id='line_1_37' title="bbox 771 3494 1277 3561; baseline 0.004 -14"><span class='ocrx_word' id='word_1_246' title='bbox 771 3496 800 3561; x_wconf 85' lang='grc'>6.</span> <span class='ocrx_word' id='word_1_247' title='bbox 814 3497 875 3547; x_wconf 81' lang='grc'><strong>317.</strong></span> <span class='ocrx_word' id='word_1_248' title='bbox 894 3520 929 3530; x_wconf 83' lang='grc'>-</span> <span class='ocrx_word' id='word_1_249' title='bbox 947 3494 1040 3543; x_wconf 77' lang='lat' dir='ltr'>Adde:</span> <span class='ocrx_word' id='word_1_250' title='bbox 1060 3494 1089 3543; x_wconf 89' lang='lat' dir='ltr'><strong>L.</strong></span> <span class='ocrx_word' id='word_1_251' title='bbox 1109 3509 1158 3547; x_wconf 91' lang='lat' dir='ltr'>uu.</span> <span class='ocrx_word' id='word_1_252' title='bbox 1178 3496 1208 3548; x_wconf 86' lang='lat' dir='ltr'><strong>C.</strong></span> <span class='ocrx_word' id='word_1_253' title='bbox 1238 3499 1277 3549; x_wconf 85' lang='lat' dir='ltr'>De</span> 
     </span>
     <span class='ocr_line' id='line_1_38' title="bbox 771 3580 1277 3647; baseline 0.002 -12"><span class='ocrx_word' id='word_1_254' title='bbox 771 3584 927 3635; x_wconf 79' lang='lat' dir='ltr'>satisdaudo</span> <span class='ocrx_word' id='word_1_255' title='bbox 945 3582 976 3630; x_wconf 90' lang='grc' dir='ltr'>Ι..</span> <span class='ocrx_word' id='word_1_256' title='bbox 996 3581 1041 3631; x_wconf 76' lang='grc'>13.</span> <span class='ocrx_word' id='word_1_257' title='bbox 1060 3580 1089 3632; x_wconf 84' lang='lat' dir='ltr'><strong>C.</strong></span> <span class='ocrx_word' id='word_1_258' title='bbox 1127 3584 1165 3633; x_wconf 85' lang='lat' dir='ltr'>De</span> <span class='ocrx_word' id='word_1_259' title='bbox 1181 3599 1277 3647; x_wconf 88' lang='lat' dir='ltr'>proco·</span> 
     </span>
     <span class='ocr_line' id='line_1_39' title="bbox 772 3669 1278 3724; baseline -0.002 0"><span class='ocrx_word' id='word_1_260' title='bbox 772 3675 916 3724; x_wconf 81' lang='lat' dir='ltr'>ratorihus.</span> <span class='ocrx_word' id='word_1_261' title='bbox 937 3669 1098 3720; x_wconf 82' lang='lat' dir='ltr'>Couierutur</span> <span class='ocrx_word' id='word_1_262' title='bbox 1114 3673 1197 3722; x_wconf 81' lang='lat' dir='ltr'>ctiam</span> <span class='ocrx_word' id='word_1_263' title='bbox 1212 3673 1278 3723; x_wconf 82' lang='lat' dir='ltr'>Con·</span> 
     </span>
     <span class='ocr_line' id='line_1_40' title="bbox 772 3757 1277 3822; baseline 0.006 -11"><span class='ocrx_word' id='word_1_264' title='bbox 772 3763 883 3812; x_wconf 74' lang='lat' dir='ltr'>saltatio</span> <span class='ocrx_word' id='word_1_265' title='bbox 901 3764 961 3815; x_wconf 81' lang='lat' dir='ltr'>Vei.</span> <span class='ocrx_word' id='word_1_266' title='bbox 984 3757 1035 3816; x_wconf 74' lang='grc' dir='ltr'>11]ιὶ</span> <span class='ocrx_word' id='word_1_267' title='bbox 1059 3770 1084 3809; x_wconf 81' lang='lat' dir='ltr'>c.</span> <span class='ocrx_word' id='word_1_268' title='bbox 1102 3759 1146 3822; x_wconf 80' lang='grc'>3.,</span> <span class='ocrx_word' id='word_1_269' title='bbox 1165 3761 1277 3814; x_wconf 77' lang='lat' dir='ltr'>Paaitas</span> 
     </span>
     <span class='ocr_line' id='line_1_41' title="bbox 771 3851 1005 3914; baseline 0.009 -12"><span class='ocrx_word' id='word_1_270' title='bbox 771 3852 804 3902; x_wconf 80' lang='lat' dir='ltr'><strong>R.</strong></span> <span class='ocrx_word' id='word_1_271' title='bbox 825 3852 853 3901; x_wconf 82' lang='lat' dir='ltr'>S·</span> <span class='ocrx_word' id='word_1_272' title='bbox 874 3853 903 3914; x_wconf 89' lang='lat'>1,</span> <span class='ocrx_word' id='word_1_273' title='bbox 923 3852 959 3913; x_wconf 85' lang='grc'><strong>3,</strong></span> <span class='ocrx_word' id='word_1_274' title='bbox 978 3851 1005 3904; x_wconf 89' lang='grc'><strong>5.</strong></span> 
     </span>
    </p>

    <p class='ocr_par' dir='ltr' id='par_1_16' title="bbox 807 3937 1180 4005">
     <span class='ocr_line' id='line_1_42' title="bbox 807 3937 1180 4005; baseline -0.011 -13"><span class='ocrx_word' id='word_1_275' title='bbox 807 3938 836 4005; x_wconf 72' lang='lat' dir='ltr'>d)</span> <span class='ocrx_word' id='word_1_276' title='bbox 856 3941 875 3992; x_wconf 91' lang='grc' dir='ltr'>Ι.</span> <span class='ocrx_word' id='word_1_277' title='bbox 895 3954 920 3991; x_wconf 91' lang='lat' dir='ltr'>c.</span> <span class='ocrx_word' id='word_1_278' title='bbox 941 3937 970 4004; x_wconf 89' lang='grc'>6.</span> <span class='ocrx_word' id='word_1_279' title='bbox 988 3940 1053 3992; x_wconf 82' lang='grc'><strong>161.</strong></span> <span class='ocrx_word' id='word_1_280' title='bbox 1072 3955 1099 4005; x_wconf 88' lang='lat' dir='ltr'>p.</span> <span class='ocrx_word' id='word_1_281' title='bbox 1117 3938 1180 3990; x_wconf 75' lang='grc'><strong>133.</strong></span> 
     </span>
    </p>

    <p class='ocr_par' dir='ltr' id='par_1_17' title="bbox 772 4025 1279 4359">
     <span class='ocr_line' id='line_1_43' title="bbox 807 4025 1279 4092; baseline -0.011 -13"><span class='ocrx_word' id='word_1_282' title='bbox 807 4025 835 4092; x_wconf 89' lang='grc'>5)</span> <span class='ocrx_word' id='word_1_283' title='bbox 858 4029 984 4081; x_wconf 72' lang='lat' dir='ltr'>Verrucio</span> <span class='ocrx_word' id='word_1_284' title='bbox 995 4030 1060 4080; x_wconf 79' lang='lat' dir='ltr'>ader</span> <span class='ocrx_word' id='word_1_285' title='bbox 1069 4029 1183 4080; x_wconf 82' lang='lat' dir='ltr'>cinaetae</span> <span class='ocrx_word' id='word_1_286' title='bbox 1194 4026 1279 4077; x_wconf 76' lang='lat' dir='ltr'>Tacite</span> 
     </span>
     <span class='ocr_line' id='line_1_44' title="bbox 772 4117 1276 4169; baseline 0.002 -2"><span class='ocrx_word' id='word_1_287' title='bbox 772 4118 820 4167; x_wconf 85' lang='lat' dir='ltr'>der</span> <span class='ocrx_word' id='word_1_288' title='bbox 843 4118 951 4168; x_wconf 80' lang='lat' dir='ltr'>thorie</span> <span class='ocrx_word' id='word_1_289' title='bbox 979 4120 1023 4169; x_wconf 81' lang='lat' dir='ltr'>dos</span> <span class='ocrx_word' id='word_1_290' title='bbox 1049 4117 1276 4168; x_wconf 61' lang='lat' dir='ltr'>matthaeeum,</span> 
     </span>
     <span class='ocr_line' id='line_1_45' title="bbox 774 4204 1277 4271; baseline -0.01 -15"><span class='ocrx_word' id='word_1_291' title='bbox 774 4221 801 4271; x_wconf 91' lang='lat' dir='ltr'>p.</span> <span class='ocrx_word' id='word_1_292' title='bbox 820 4206 882 4258; x_wconf 76' lang='lat'><strong>235.</strong></span> <span class='ocrx_word' id='word_1_293' title='bbox 902 4206 1054 4259; x_wconf 79' lang='lat' dir='ltr'>Handbact</span> <span class='ocrx_word' id='word_1_294' title='bbox 1074 4207 1102 4256; x_wconf 87' lang='lat' dir='ltr'>d.</span> <span class='ocrx_word' id='word_1_295' title='bbox 1125 4205 1179 4256; x_wconf 82' lang='lat' dir='ltr'>Cia.</span> <span class='ocrx_word' id='word_1_296' title='bbox 1199 4204 1277 4252; x_wconf 81' lang='lat' dir='ltr'>Proc.</span> 
     </span>
     <span class='ocr_line' id='line_1_46' title="bbox 774 4293 998 4359; baseline -0.004 -14"><span class='ocrx_word' id='word_1_297' title='bbox 774 4293 805 4359; x_wconf 89' lang='grc'>6.</span> <span class='ocrx_word' id='word_1_298' title='bbox 824 4296 868 4346; x_wconf 79' lang='grc'>26.</span> <span class='ocrx_word' id='word_1_299' title='bbox 889 4310 915 4359; x_wconf 86' lang='lat' dir='ltr'>p.</span> <span class='ocrx_word' id='word_1_300' title='bbox 934 4296 998 4346; x_wconf 69' lang='lat'><strong>28³.</strong></span> 
     </span>
    </p>
   </div>
   <div class='ocr_carea' id='block_1_13' title="bbox 0 0 1693 5276">
    <p class='ocr_par' dir='ltr' id='par_1_18' title="bbox 0 0 1693 5276">
     <span class='ocr_line' id='line_1_47' title="bbox 0 0 1693 5276; baseline 0 0"><span class='ocrx_word' id='word_1_301' title='bbox 0 0 1693 5276; x_wconf 95' lang='lat' dir='ltr'> </span> 
     </span>
    </p>
   </div>
  </div>
 </body>
</html>
