3420 5280
425 491 465 552 66
533 487 626 590 Gap.
645 491 679 562 1.
731 486 792 562 De
810 492 899 562 iure
927 512 1087 564 caussae
1115 489 1378 576 Quinctianae.

287 692 332 775 ,ΜΝ
354 677 404 776 ζζηξ
424 679 610 763 Quinetiam
637 681 829 745 coniectura
848 680 981 764 assequi
1003 679 1044 744 V.
1064 679 1104 743 D.
1119 682 1247 767 teniat,
1271 666 1513 763 quemadmo-'

423 802 496 867 duur
521 797 695 868 Cicereia
721 798 903 884 deperditis
922 800 1039 885 hisce,
1075 819 1160 886 quae
1178 800 1352 879 dicuntur,
1387 802 1484 885 capi-

421 925 509 991 tibus
533 921 740 987 refellendae
760 922 962 995 latitationis
983 940 1103 988 caussa
1124 922 1332 987 disseruerit.

482 1043 569 1109 Mihi
600 1062 681 1107 uera
712 1042 895 1109 secundum
918 1062 1003 1128 quae
1026 1062 1128 1129 supra
1153 1045 1294 1127 exposui
1328 1046 1479 1115 carmini,

419 1168 632 1233 initiationis
652 1183 814 1230 caussam
830 1182 939 1248 neque
957 1167 1071 1253 urgeri
1088 1166 1131 1231 ab
1153 1165 1352 1245 Hortensio,
1375 1183 1483 1249 neque

421 1305 442 1351 a
466 1284 629 1354 Cicerone
655 1305 720 1349 uno
748 1287 823 1372 plus
847 1286 970 1373 uerba,
993 1303 1089 1370 quam
1112 1286 1272 1374 legimus,
1294 1284 1455 1351 defendi·

483 1440 576 1509 Satis
598 1444 700 1508 mulia
718 1442 759 1509 de
780 1445 983 1510 auctoribus.
1024 1443 1121 1510 Nunc
1141 1448 1178 1508 ui
1197 1442 1381 1532 proferam,
1405 1443 1483 1529 quid

420 1566 492 1649 ipse
515 1569 672 1649 sentiam,
704 1567 808 1649 primo
841 1565 917 1631 loco
943 1567 1138 1649 persuasum
1171 1565 1295 1651 habea,
1330 1566 1481 1632 lacunam

420 1697 494 1750 esse
516 1689 616 1771 sique
635 1687 899 1770 supplementum
919 1689 1042 1772 requiri
1065 1689 1124 1752 tali
1143 1689 1360 1776 argumento,
1385 1687 1483 1772 quale
1566 1766 1567 1771 ¹

419 1808 507 1871 inter
525 1805 764 1872 Hotomanum
783 1810 816 1871 et
841 1805 1052 1874 Lambinum
1074 1813 1310 1893 caeterosque,
1333 1809 1387 1893 qui
1409 1828 1483 1872 mu-

419 1930 510 1992 tilum
533 1947 608 1993 esse
627 1929 734 1994 locum
757 1931 977 2013 censuerunt,
1008 1948 1121 1994 omnes
1147 1931 1313 1995 conuenit.
1362 1928 1488 2017 Argu-⁶

418 2052 529 2114 mento
545 2049 621 2117 milri
636 2051 713 2113 sunt
729 2067 801 2115 cum
816 2066 900 2134 quae
915 2048 1100 2115 Manutius
1122 2052 1317 2134 praesertim
1340 2069 1379 2115 ac
1403 2046 1483 2117 Ga-

419 2177 577 2236 ratonins
607 2189 788 2257 monuere,
824 2173 891 2234 tum
913 2172 1070 2236 uniuersa
1096 2169 1317 2253 Quinctianae
1342 2189 1483 2237 caussae

418 2290 525 2380 ligura
550 2295 584 2357 ei
602 2293 733 2381 imago,
755 2311 851 2377 quam
872 2310 975 2377 supra
995 2295 1257 2376 repraesentaul.

484 2412 589 2477 Porro
630 2412 671 2478 de
711 2414 886 2479 uerborum
934 2418 1052 2478 tenore
1091 2415 1175 2478 satis
1216 2413 1293 2477 milri
1312 2417 1482 2498 canstat,

422 2538 585 2620 quaetenus
607 2510 800 2601 Hctomunt
829 2539 863 2599 et
883 2533 1049 2600 Lambini
1069 2536 1301 2620 supplementa
1327 2537 1417 2600 inter
1445 2554 1482 2599 se

386 2655 394 2805 3
421 2659 626 2745 congruunt3
673 2674 734 2723 nec
768 2660 891 2722 temere
926 2652 1126 2721 Huscblr'ins
1161 2655 1204 2721 ad
1236 2674 1310 2740 cap.
1338 2654 1391 2718 iii.
1422 2674 1481 2739 pro

387 2812 393 2886 ι,
422 2776 530 2841 Tullia
548 2773 608 2857 ⁴⁴),
629 2774 737 2843 locum
757 2781 906 2841 nastrum
927 2778 1129 2862 respiciens,
1151 2776 1317 2843 iudicasse
1339 2775 1482 2856 uldetur,

449 2887 458 2959 l
485 2897 676 2963 Hotcmuni
694 2903 875 2963 irruentum
899 2903 972 2963 sinc
995 2916 1117 2963 cccrum
1139 2895 1372 2983 sinelicium,
1404 2902 1482 2989 quui-

486 3037 617 3108 cunque
646 3037 723 3083 cum
744 3022 811 3083 isia
835 3018 907 3082 ioca
940 3009 1158 3099 [Tullianae]
1181 3019 1382 3107 conatuum,
1412 3037 1481 3083 itan

452 3188 456 3209 2
486 3140 725 3206 dubitaturum
743 3157 836 3228 enm,
866 3145 947 3227 quiin
968 3134 1189 3206 Cicerurriani
1209 3145 1377 3206 sermome
1398 3160 1482 3226 pre-

451 3218 455 3357 }
485 3265 636 3349 parietate
658 3260 842 3325 admodum
864 3260 901 3325 id
923 3259 1119 3324 adiunctum

421 3552 503 3601 uerba
522 3550 567 3600 illa
590 3548 719 3611 Ulpianus
740 3547 921 3608 excerpserit,
1013 3545 1058 3611 td)
1072 3548 1159 3597 Verba
1171 3548 1310 3598 Ciceronis
1323 3549 1390 3602 haec
1402 3556 1479 3599 sunit

422 3645 451 3689 ιιι
469 3641 540 3689 inter
562 3638 650 3686 uarias
669 3637 742 3700 prius
761 3634 843 3683 Tullii
864 3648 923 3684 ora·
981 3635 1071 3686 «Num
1083 3651 1162 3701 quem
1177 3638 1315 3686 tribunum
1326 3637 1412 3700 plebis
1426 3651 1481 3687 ser·

423 3728 558 3777 tionesac
579 3726 662 3774 libros
683 3738 764 3786 quam
786 3724 923 3773 intersin—
980 3726 1029 3772 sui
1064 3727 1146 3776 Tullii
1182 3728 1386 3791 pulsauerunii
1421 3727 1504 3777 Non'
1573 3744 1576 3749 ·

422 3816 485 3876 gula
507 3814 586 3862 huius
605 3813 734 3862 orationis
755 3811 853 3874 capiis,
870 3825 923 3874 quo
982 3812 1108 3875 «opinor.
1144 3815 1213 3865 Num
1233 3814 1352 3864 saraiam
1371 3815 1481 3864 domum

424 3899 922 3966 pertineant,quaerendumsii·Cont.
981 3900 1033 3950 «Ρ.
1060 3903 1136 3952 Fabii
1157 3909 1238 3952 noctu
1260 3905 1416 3954 uenerunt?
1445 3903 1482 3953 Ne

423 3991 600 4040 Hotomanum
629 3990 663 4038 ud
693 4003 717 4038 c.
738 3989 780 4039 19.
810 3993 836 4037 ei
863 3987 923 4036 Ant·
983 3990 1031 4038 uid
1049 3991 1161 4052 quidem.
1198 3992 1341 4042 Numluce
1361 3992 1481 4041 iuratum

423 4078 593 4142 septiminum
621 4077 654 4125 de
685 4077 838 4126 nominibus
866 4089 931 4138 prof
982 4083 1138 4127 «uenerunt
1167 4083 1194 4127 et
1220 4092 1249 4128 se
1276 4080 1330 4129 telo
1356 4079 1480 4130 deiende·

423 4167 489 4230 priis
504 4166 557 4216 τοῦ
575 4163 744 4215 Πανδέκτου
762 4164 922 4223 Florentini‚
981 4167 1087 4214 «runt‘i
1108 4166 1167 4214 Dici
1184 4180 1238 4216 non
1252 4173 1348 4230 potest.
1385 4168 1477 4232 Ergo»

425 4268 449 4304 c.
469 4255 508 4312 5.,
533 4254 560 4302 in
591 4253 692 4302 Otionis
731 4254 802 4302 Tbes.
837 4254 867 4302 T.
901 4253 922 4301 l
980 4252 1030 4301 rel
1066 4252 1164 4302 Cenier
1183 4256 1264 4304 eiiam
1289 4256 1426 4307 Auctorem
1444 4257 1479 4305 ud

423 4358 452 4406 p
472 4342 531 4392 337.
980 4341 1209 4405 Herenniule,
1229 4343 1273 4411 23,
1281 4326 1477 4408 litinensis
1482 4342 1544 4396 {eei
1545 4340 1647 4415 wie,

987 4411 1254 4489 animumne
1234 4422 1397 4547 533
1335 4424 1425 4476 t‘itiss-
1452 4388 1601 4505 &timpum

979 4496 1187 4573 pimenion
1208 4512 1242 4545 Ν
1362 4500 1425 4565 [erg.
1411 4498 1481 4553 Μ
1501 4506 1583 4582 (pairs
1598 4454 1636 4559 ia«,
1643 4532 1664 4563 a

983 4566 1306 4627 cumides
1372 4618 1377 4647 r
1535 4572 1633 4645 ι33,Ἣ

981 4648 1069 4709 1⁵
1270 4662 1273 4667 ,
1503 4650 1660 4661 .
