3310 5280
450 483 492 553 tn
518 482 689 555 oratione
712 503 785 581 pro
814 478 1001 569 Quinctio.
1201 484 1264 548 203

303 663 366 726 «In
395 661 458 725 isto
485 660 654 726 uolumine
679 662 888 727 eontinentur
915 685 952 728 ea
977 684 1059 751 quae
1082 679 1265 752 sequuntur
1283 683 1429 781 germ-0.

301 783 574 871 «operarum...
1401 757 1417 783 ⁸·

278 900 349 968 'De
383 904 491 991 magni
524 904 668 994 Pompeii
699 903 882 993 laudibns⁵)
915 905 952 992 (f.
988 906 1047 989 1.),
1085 907 1265 973 Miloniana
1301 999 1303 1004 .

297 1022 335 1102 (f.
363 1024 441 1113 11.),
473 1047 534 1115 pro
554 1025 686 1091 Plancio
708 1024 743 1114 (f.
768 1024 850 1115 26),
876 1049 937 1115 pro
962 1028 997 1092 P.
1016 1028 1104 1094 Sulla
1126 1027 1163 1114 (f.
1178 1030 1264 1111 43),

297 1169 357 1234 pro
392 1148 432 1212 A.
462 1146 587 1212 Licinio
613 1147 734 1213 Archia
761 1146 797 1234 (f.
828 1120 916 1237 56),
942 1171 1002 1238 pro
1032 1149 1079 1221 M.
1109 1150 1264 1217 Marcello

298 1267 333 1349 (f.
356 1266 438 1357 60),
472 1291 533 1356 pro
559 1269 599 1357 Q.
623 1268 747 1357 Ligario
776 1267 812 1356 (f.
836 1268 921 1358 64),
953 1293 1014 1358 pro
1042 1273 1082 1344 R.
1111 1271 1263 1338 Deiotaro

301 1388 337 1476 (f.
361 1388 442 1476 68.)‚
476 1413 537 1478 pro
564 1391 604 1455 A.
631 1390 782 1456 Cluentio
805 1390 842 1479 (f.
865 1390 948 1478 73.),
979 1414 1042 1480 pro
1068 1393 1108 1457 P.
1136 1393 1264 1482 Quintio

299 1510 335 1598 (f.
348 1509 432 1600 99),
452 1533 512 1598 pro
530 1513 566 1577 L.
589 1511 708 1597 Flacco¹
723 1509 760 1599 (f.
780 1511 879 1599 tlt),
899 1512 940 1577 ad
960 1513 1119 1601 populum
1147 1517 1263 1579 Roma-

301 1655 380 1697 num
402 1655 476 1696 cum
498 1632 613 1722 gratias
635 1633 718 1720 egit,
739 1632 774 1720 (f.
800 1636 894 1716 125),
918 1633 958 1697 ad
980 1636 1134 1700 Senatum
1155 1658 1215 1723 pro
1230 1660 1264 1701 se

301 1755 373 1843 ipso
393 1753 481 1842 (cum
495 1753 610 1842 gratias
629 1754 703 1842 egit,
724 1754 747 1819 f.
766 1755 846 1842 131.)
889 1757 928 1820 In
950 1757 985 1822 c.
1002 1756 1140 1839 verrem
1155 1757 1264 1822 Actio-
1311 1740 1312 1747 ‘

299 1876 349 1939 nis
368 1877 394 1940 Ι.
418 1875 502 1939 liber
521 1877 547 1940 Ι.
570 1875 767 1963 (Diuinatio,
787 1876 810 1949 f.
836 1876 920 1964 137.)
950 1877 1114 1943 'Eiusdem
1129 1879 1263 1943 actionis

300 1995 387 2061 liber.
412 1998 455 2063 II.
485 1995 593 2086 (Actio
613 1997 660 2081 I.,
687 1997 711 2062 f.
747 1996 831 2087 145.)
881 2001 921 2064 In
954 2000 1091 2064 Verrem
1118 1999 1263 2065 Aetionis

299 2118 458 2184 secundae
482 2119 565 2184 liber
584 2121 610 2186 I.
641 2117 678 2206 (f.
706 2119 789 2208 151.)
831 2119 982 2187 Eiusdem
1009 2122 1158 2188 Aetionis
1180 2121 1264 2185 liber

300 2237 402 2329 11.(f.
436 2243 505 2305 168.
538 2241 665 2306 Reuera
690 2254 739 2306 eat
766 2239 847 2305 liber
864 2255 1015 2332 quartur,
1047 2265 1121 2308 nam
1141 2243 1262 2327 media,
1400 2247 1406 2252 ’

299 2361 372 2426 inde
404 2384 426 2425 a
456 2387 482 2427 c.
513 2363 563 2428 43.
595 2363 668 2427 libri
700 2363 748 2444 Ι.,
780 2362 937 2451 dffwinnt
960 2365 1080 2451 omnia)
1111 2365 1263 2431 Eiusdem

300 2484 445 2550 Actionis
471 2483 554 2579 liber
581 2485 638 2549 ΙΠ.
667 2482 743 2571 (Est
762 2482 841 2548 liber
864 2486 906 2549 V.
930 2531 972 2542 -
993 2485 1017 2549 f.
1044 2486 1128 2575 194.)
1148 2487 1183 2550 in
1205 2489 1263 2554 Ca·

301 2605 427 2668 tilinam
457 2603 513 2667 lib.
549 2603 584 2691 (f.
615 2603 723 2694 221),
756 2605 813 2670 lib.
841 2606 887 2669 ΙΙ.
917 2602 953 2692 (f.
982 2605 1069 2693 227.)
1077 2654 1088 2688 ,
1119 2607 1176 2672 lib.
1204 2609 1261 2675 III.

299 2723 335 2812 (f.
358 2725 460 2813 232),
492 2724 550 2790 lib.
571 2726 629 2790 IV.
651 2724 687 2814 (f,
712 2723 797 2815 236.)
845 2724 1013 2793 Inueetiua
1034 2727 1137 2815 Crispi
1159 2728 1262 2794 Sallu-

300 2847 353 2910 stii
382 2847 417 2910 in
446 2847 493 2912 M.
519 2846 664 2911 Tullium
694 2846 883 2912 Ciceronem
908 2847 944 2938 (f.
974 2848 1061 2938 241.)
1108 2849 1208 2915 Tullii
1227 2850 1262 2912 in

301 2968 378 3034 Sall.
413 2967 577 3032 inuectiua
607 2968 644 3051 (f.
677 2968 781 3066 242),
814 2993 874 3058 pro
911 2971 1063 3036 Cornelio
1094 2971 1196 3036 Balbo
1224 2969 1261 3060 (f.

301 3089 407 3176 245.),
439 3089 542 3180 pridie
568 3113 665 3178 quam
684 3091 868 3156 mitteretur
887 3091 924 3157 in
945 3092 1078 3158 exilium
1098 3091 1134 3182 (f.
1157 3095 1261 3158 255-

302 3210 398 3296 258.)
435 3249 477 3262 -
519 3213 560 3278 ln
590 3211 656 3277 fine
687 3212 884 3280 uoluminis:
921 3214 1109 3303 Expliciunt
1141 3214 1264 3280 multae

302 3333 464 3398 orationes
484 3333 584 3399 Tullii
606 3334 767 3400 Ciceronis
788 3349 822 3399 et
842 3342 871 3401 ὁ.
1154 3324 1156 3337 ¹

216 3654 219 3655 ἢ
259 3601 268 3619 .
299 3552 417 3620 Codex
446 3556 735 3642 membranaceus,
770 3554 901 3622 duobus
933 3557 1154 3622 uoluminibus
1176 3576 1262 3623 oon·

301 3679 415 3764 stans,
442 3677 567 3743 saecuti
590 3675 686 3759 XV„
709 3677 784 3741 olim
803 3672 1039 3765 colbertinus,
1062 3680 1117 3764 qul
1133 3681 1262 3744 oratio-

302 3816 378 3862 nem
398 3818 461 3883 pro
485 3795 648 3880 Qntttctto
669 3801 758 3863 Inter
779 3796 952 3865 XXXIII.
974 3799 1154 3866 secundam
1176 3819 1263 3868 con-

303 3918 398 3983 tinet.
441 3920 482 3985 ln
504 3914 672 4009 Catalogo
693 3921 716 3984 1.
738 3920 760 3984 Ι.
783 3938 815 4005 p.
837 3916 909 3984 392
930 3918 971 3986 N.
993 3917 1085 3986 7174.
1100 3914 1134 4000 6).

234 4232 262 4297 5)
283 4236 379 4287 Verbis
398 4239 497 4290 relictis
515 4255 573 4292 rem
594 4243 621 4292 in
644 4243 702 4292 bre·
794 4236 822 4306 6)
840 4241 987 4293 Steinnwtz.
1022 4243 1040 4293 Ι.
1072 4243 1092 4293 l.
1125 4258 1152 4306 p.
1188 4243 1261 4294 vm.

199 4325 261 4375 uiue
280 4325 412 4388 redigam.
761 4327 836 4395 (Par.
856 4327 897 4394 9.)
