3420 5280
1284 524 1321 569 1x

252 694 331 746 cum
351 670 526 742 rationem
547 672 619 739 tum
644 664 958 766 disceptationem,
984 668 1127 742 nimium
1151 691 1321 760 curasse3

251 827 345 904 alios
371 850 484 918 uero,
512 850 617 926 quum
641 826 788 902 criticas
820 848 927 902 curas
956 827 1039 900 istis
1071 824 1221 902 mallent
1250 825 1321 903 de·

250 987 404 1086 legare,
442 986 720 1061 commentarios
760 986 1014 1086 composuisse
1048 983 1159 1061 ualde
1198 984 1321 1062 utiles.

249 1145 384 1246 Neque
410 1168 456 1220 ea
481 1170 559 1220 uum
585 1145 817 1244 arrogantia,
853 1151 894 1218 ut
918 1142 1051 1220 talibus
1077 1146 1167 1219 uiris
1193 1143 1322 1220 detra·

250 1304 341 1380 here
368 1302 478 1379 uelim
508 1310 571 1378 aut
599 1304 704 1378 iustis
736 1325 861 1380 eorum
890 1303 1060 1380 laudibus
1091 1303 1320 1381 obtrectaree

129 1478 132 1483 ’
250 1467 356 1540 immo
388 1488 558 1538 summum
591 1463 748 1538 arbitror
782 1460 958 1538 honorem
994 1464 1041 1537 iis
1073 1484 1131 1538 me
1160 1460 1320 1555 habere,

251 1648 356 1723 quum
387 1581 528 1715 fateor,
566 1644 659 1721 quae
692 1623 888 1721 separatim
925 1627 1079 1721 possunt
1116 1624 1319 1723 praestari,

252 1805 297 1857 ea
319 1781 415 1857 adeo
437 1779 604 1882 perfecta
626 1779 769 1856 abillis
793 1802 880 1854 esse
898 1788 937 1855 et
954 1779 1147 1873 absoluta,
1176 1781 1321 1881 utquid

251 1943 337 2015 noui
363 1939 550 2032 adiiciam,
582 1941 653 2013 nisi
679 1962 777 2014 noua
802 1939 923 2040 aliqua
947 1939 1148 2016 studiorum
1174 1942 1320 2016 ratione

251 2102 339 2173 inita
364 2101 429 2173 uix
455 2102 618 2175 inuenire
643 2101 801 2201 possim:
830 2121 910 2175 eam
936 2101 1047 2199 igitur
1071 2099 1321 2200 coniungendi

251 2261 368 2336 critici
400 2259 537 2335 laboris
576 2283 655 2336 cum
686 2260 776 2334 iuris
803 2257 1073 2360 disceptatione
1108 2266 1170 2334 aut
1203 2257 1321 2333 solam

251 2426 312 2493 aut
340 2442 502 2518 magnam
538 2425 639 2495 certe
669 2417 754 2492 milri
784 2441 950 2496 caussam
979 2381 1107 2493 fuisse.
1173 2415 1320 2496 Nouam

251 2585 369 2652 autem
406 2576 491 2652 dico
529 2574 624 2652 hanc
662 2574 862 2649 studiorum
899 2576 1095 2666 rationem,
1138 2598 1212 2649 nou
1247 2597 1320 2674 quo

251 2732 412 2808 inaudita
442 2735 492 2807 sit
526 2739 634 2831 atque
669 2731 822 2806 omnium
854 2729 1034 2807 hominum
1065 2755 1088 2805 a
1118 2752 1175 2806 me
1204 2735 1320 2833 primo

252 2894 422 2985 inuenta3
453 2891 523 2968 sed
548 2893 663 2966 miuus
689 2898 808 2967 tarum
838 2899 897 2967 est
925 2891 1059 2965 usitata
1091 2898 1201 2992 atque
1230 2890 1323 2967 inde

251 3053 296 3126 ab
322 3052 536 3128 Hctcntom
563 3075 585 3124 a
605 3052 732 3154 paucis
753 3058 942 3153 usurpata,
970 3050 1164 3127 dummodo
1185 3059 1318 3128 tenea·

250 3220 329 3300 tur,
358 3234 441 3307 me,
472 3237 578 3311 quum
607 3213 663 3285 rei
694 3213 844 3288 criticae
874 3232 1022 3311 operam
1051 3209 1142 3285 dare
1173 3213 1316 3288 cousti-

250 3377 413 3463 tuerem,
450 3394 523 3445 non
552 3369 670 3445 solum
700 3368 748 3444 de
777 3369 917 3445 iudicio
947 3368 1162 3446 exercendo
1192 3393 1318 3445 uerum

251 3532 359 3604 etiam
394 3529 443 3604 de
482 3536 655 3631 apparatu
688 3527 860 3604 librorum
894 3535 965 3601 tam
997 3530 1318 3631 manuscriptorum

251 3713 355 3788 quam
378 3691 636 3790 impressorum
654 3687 907 3823 conquirendo
921 3688 1215 3789 excutiendoque
1233 3687 1317 3763 mihi

250 3851 501 3951 proposuisse.

241 4138 244 4145 s
327 4081 452 4181 Atque
474 4082 524 4158 de
545 4038 905 4182 studiorumquidem
923 4085 1064 4159 radone
1081 4085 1184 4158 satis.
1239 4083 1315 4159 Se·

133 4228 136 4233 ⁴
252 4242 371 4340 quitur
392 4247 432 4314 ut
457 4240 506 4316 de
533 4242 719 4319 scribendi
746 4244 911 4318 instituto
938 4246 1109 4346 aperiam,
