3420 5280
405 522 443 596 ς.
470 509 503 582 1.
556 504 698 580 Iudicii
725 508 832 608 aripa
855 516 893 583 et
914 516 1069 582 mura.
1112 470 1116 477 ἱ
1231 504 1273 567 29
1315 490 1322 501 '

274 730 287 760 a
298 718 459 788 peravara
491 703 628 782 errarat,
665 700 823 782 quantum
851 699 940 781 scic,
971 717 1039 762 uno
1070 697 1272 766 Grntcriana
1293 686 1442 797 ,ξ’ἳξξζθ·

277 820 423 888 «Codice
446 824 480 887 et
502 820 664 910 Naugerii
688 818 844 885 Editione
867 818 1088 895 detenditur.»
1292 803 1395 850 ΨΜ·

271 940 370 1008 Idam
390 941 435 1007 ad
456 961 485 1009 c.
503 941 556 1007 27.
579 942 721 1028 fatetur,
751 940 793 1006 de
814 942 908 1006 nullo
937 938 1062 1015 Codice
1089 939 1151 1005 sibi
1180 958 1275 1006 cam..

210 1067 340 1149 perium
369 1083 461 1150 csse,
493 1065 528 1128 in
560 1083 625 1149 quc
657 1061 710 1132 Ni
733 1109 742 1128 .
765 1109 774 1128 .
795 1110 804 1129 .
823 1081 986 1150 perraria
1017 1065 1092 1128 sirit
1122 1062 1275 1151 legatur,

211 1188 306 1249 imme
329 1188 363 1248 in
386 1185 535 1251 omnibus
555 1205 622 1250 neu
643 1204 768 1249 summa
789 1184 979 1250 constantia
1001 1184 1149 1248 retineri.

277 1303 421 1389 «Unde,
452 1307 577 1392 inquit,
609 1303 645 1371 ur
667 1352 676 1370 .
697 1352 706 1370 .
729 1351 739 1372 .
760 1325 825 1373 uon
859 1306 1002 1371 malebat
1035 1303 1274 1392 Hotomanus,

215 1445 284 1492 «ne
306 1430 342 1491 in
363 1426 535 1492 turmulam
556 1431 764 1512 peccaretur.
805 1425 937 1492 Deinde
958 1425 1134 1509 Editcres,
1163 1425 1218 1510 qui
1241 1425 1276 1489 in

214 1567 267 1614 «e.
281 1546 311 1613 8.
325 1546 416 1611 idem«
431 1550 575 1612 tentanti
596 1547 767 1614 Lambini)
781 1551 993 1635 restiterant,
1016 1545 1070 1612 hic
1084 1566 1120 1610 ur
1135 1591 1144 1610 .
1160 1592 1169 1609 .
1185 1590 1194 1610 .
1208 1566 1274 1610 uon

215 1673 360 1735 «contra
387 1668 474 1733 Mss.
494 1687 666 1752 recepere.
707 1667 961 1734 Laltemaadur
990 1669 1024 1732 et
1052 1664 1275 1756 lavariocam,

216 1809 315 1856 «cunr
338 1792 400 1854 ianr
422 1770 472 1857 sic
494 1789 548 1856 edi
576 1789 746 1875 uiderent,
778 1788 861 1854 nihii
888 1787 1109 1854 adnotarunt:
1141 1805 1276 1873 exque

216 1914 352 1975 «tamen
390 1911 509 1977 caniici
537 1915 676 1996 'posset‚
712 1909 798 1976 Idem
830 1913 865 1976 in
900 1912 971 1975 suis
1005 1906 1185 1977 codicibus
1217 1927 1277 1974 aas

216 2032 436 2117 «reperissc.·
632 2084 635 2091 .
1064 2022 1067 2027 ’

277 2151 428 2218 Rectius
442 2152 491 2218 >ad
513 2172 542 2220 c.
557 2152 587 2218 8.

275 2277 308 2339 ri
397 2320 406 2339 .
431 2293 501 2341 rica
531 2280 648 2341 errarit
680 2277 714 2339 in
746 2274 915 2360 plerisque
946 2271 1142 2361 codicibus,
1179 2276 1276 2340 etiam

276 2397 311 2461 iu
332 2392 583 2462 Ouaniensibuu
607 2396 677 2482 legi
698 2398 861 2477 testatur,
886 2396 1112 2464 tantummodo
1133 2393 1279 2464 Codices

274 2515 486 2582 Parisienses
511 2519 545 2580 et
571 2516 823 2581 Iannoctianum
851 2514 977 2582 diserte
1003 2516 1129 2583 habere
1155 2538 1192 2581 ur
1220 2517 1278 2582 ai-

276 2636 398 2700 firmat.

276 2754 377 2821 Idem
398 2754 440 2820 ad
460 2772 492 2821 c.
508 2753 559 2820 27.
573 2754 731 2821 adnotat:

280 2875 351 2943 «Νι
371 2878 484 2962 recepi
507 2869 666 2956 (seruata
682 2867 786 2964 riori),
807 2878 895 2964 quad
911 2882 946 2944 et
957 2880 992 2943 in
1003 2873 1110 2947 codd.
1123 2881 1278 2947 Iannoct.

281 2998 444 3064 «Laiiem.
468 3000 502 3063 et
524 3000 668 3083 quatuor
689 2994 801 3065 0xcn.
824 3000 930 3066 fuisse
952 2998 1114 3067 uidetur·

280 3117 375 3201 Quae
404 3124 516 3186 tamen
544 3139 680 3206 uerear,
712 3139 757 3186 ne
788 3140 830 3187 ex
861 3121 1056 3206 supradicta
1087 3118 1280 3191 Garatonii

216 3242 406 3326 suspicione
427 3244 500 3306 tcta
521 3244 589 3306 sint
610 3242 779 3309 coniecta.

280 3400 350 3464 laur
379 3398 421 3465 de
448 3400 504 3465 ilia
531 3400 686 3466 lectionis
712 3401 878 3467 uarietate
905 3403 940 3466 in
970 3401 1071 3469 nasce
1092 3403 1279 3468 sententias

217 3519 289 3586 Viri
312 3519 402 3586 docti
424 3518 665 3586 discesserunt:

280 3697 310 3761 1.
339 3717 371 3761 ar
394 3735 403 3754 ·
427 3742 436 3761 .
458 3744 465 3759 .
487 3716 648 3761 uossmsn
670 3712 793 3763 assnur
814 3689 873 3780 (in
894 3716 923 3764 c.
937 3687 990 3780 8.)

281 3860 376 3938 Haec
398 3871 594 3957 emendatio,
616 3891 701 3959 quae
723 3872 854 3959 dicitur,
874 3874 977 3966 longe
997 3876 1138 3962 plurima
1156 3875 1280 3943 satira-

219 3992 277 4075 gia
299 3993 385 4057 tulit.

283 4110 437 4197 Recepta
463 4131 503 4181 ac
530 4113 671 4180 detensa
700 4117 752 4180 ert
780 4116 823 4182 ab
849 4115 1049 4183 Hotomaao
1077 4124 1112 4183 et
1144 4116 1281 4205 Ursino,

222 4231 277 4318 qui
299 4235 438 4318 uterque
461 4239 679 4317 speraturam
696 4233 817 4322 fucere
838 4239 1110 4329 prosporum,
1130 4242 1281 4327 promit-
