3352 5276
292 689 378 749 'l'rr'basi¹
391 692 416 728 ab

279 748 355 787 Alieno
377 760 416 798 ap·

278 805 358 856 polluti.

437 444 499 554 ibi
543 486 638 590 Gap.
665 489 700 563 Ι.
752 486 814 563 De
839 490 925 563 iare
951 509 1113 562 camene
1141 485 1406 573 Quinctianae.

435 696 614 763 caussam,
636 676 885 763 defossionem,
906 695 1003 763 spem
1019 705 1060 718 -
1078 695 1147 741 uon
1161 675 1258 741 modo
1275 678 1356 742 iuris
1371 677 1498 741 ratione

435 800 580 866 infirmas
611 802 645 864 et
674 818 797 883 uanas,
833 797 893 864 sed
923 800 1022 863 etiam
1051 799 1196 862 ueritate
1223 797 1330 863 falsas
1357 801 1500 884 aiquea

436 921 545 988 'l'uliio
568 940 657 988 nune
675 920 806 985 ‘demum
829 921 989 1004 temporis
1011 936 1133 984 caussa
1155 918 1287 985 eiiiotas
1309 938 1393 985 esso

499 1043 631 1109 Etenim
654 1042 760 1128 probe
782 1041 910 1109 solebat
934 1040 1098 1127 Alienus,
1117 1042 1279 1106 neminem
1300 1043 1431 1108 alienae
1451 1046 1500 1108 rei

417 1167 509 1236 ‚sine
533 1163 757 1230 satisdatione
786 1166 907 1228 iustum
937 1160 1147 1228 defensorem
1177 1181 1268 1247 esse,
1303 1167 1405 1248 atque
1434 1169 1500 1230 tam

436 1289 531 1352 certo
567 1285 649 1351 illud
682 1289 717 1351 et
750 1285 841 1352 eiuiii
874 1286 909 1350 ei
942 1285 1112 1370 praetorio
1146 1285 1218 1350 iure
1249 1288 1428 1374 constare,
1464 1290 1500 1350 ui

435 1409 548 1474 nulius
579 1427 687 1492 neque
714 1409 932 1496 magistratus
959 1424 1067 1491 neque
1104 1406 1258 1472 tribunus
1294 1407 1419 1495 plebis,
1456 1425 1499 1472 ne

435 1530 604 1615 improbus
634 1529 781 1616 quidem,
810 1529 952 1593 inueniri
981 1532 1114 1614 posset,
1144 1530 1197 1613 qui
1221 1527 1361 1595 auderet
1382 1532 1501 1594 eontra

434 1645 648 1728 statuere²⁹b

499 1825 587 1910 Quid
609 1829 713 1918 igitur
733 1827 927 1912 appellabat
949 1818 1121 1892 Alienus?
1152 1821 1211 1894 Sic
1234 1827 1404 1892 existimo:
1425 1828 1501 1894 No-

434 1952 531 2017 lebet
559 1947 749 2032 Quinetiam
780 1967 854 2015 eum
882 1931 1120 2036 satisdatione,
1157 1948 1189 2013 h.
1216 1968 1244 2015 e.
1272 1952 1367 2016 reete
1397 1951 1501 2035 atque

434 2075 484 2137 uti
518 2073 675 2156 oportet,
705 2069 826 2137 iudicio
857 2069 1040 2135 defendere
1055 2064 1102 2150 ³⁰).
1154 2068 1380 2155 caeteroquin
1413 2073 1502 2135 omni
1530 2144 1532 2153 ¹

437 2213 502 2279 ope
524 2197 625 2278 atque
648 2210 752 2273 opera
773 2192 979 2278 enitebatur,
1000 2194 1037 2256 ut
1060 2194 1308 2278 possessionem
1328 2193 1502 2258 uenditio-

437 2333 578 2400 uemque
609 2314 768 2380 bonorum
802 2313 934 2377 absenti
963 2314 994 2377 ei
1021 2311 1217 2398 depelleret.
1273 2312 1372 2395 Quod
1402 2334 1503 2400 quum

438 2441 510 2503 iure
543 2439 577 2501 et
608 2437 751 2525 ratione·
772 2436 838 2500 uisi
869 2437 959 2500 iusta
989 2432 1185 2501 defensioue
1218 2436 1332 2501 obiaia
1364 2438 1503 2522 assequi

435 2536 646 2625 nullomodo
669 2561 794 2643 posset,
816 2558 921 2641 primo
943 2558 1008 2621 uim
1024 2557 1189 2644 tentabat,
1213 2559 1502 2642 vociferaiIonem

436 2681 599 2746 clamores
620 2680 735 2765 populi
756 2678 948 2763 turbasque.
1001 2677 1131 2745 Deinde
1159 2680 1216 2746 ubi
1245 2681 1327 2746 nihii
1356 2698 1395 2746 se
1416 2698 1503 2765 pro-

436 2801 535 2868 ficere
557 2798 806 2886 animaduertit,
829 2801 1000 2888 quoniam,
1026 2803 1076 2866 uti
1097 2803 1204 2866 uirum
1225 2800 1347 2867 fortem
1369 2804 1403 2866 et
1425 2819 1503 2866 ma·

470 3106 517 3173 aa)
536 3108 617 3158 Haud
634 3108 751 3159 absurde
769 3107 943 3158 arcessioerii
999 3113 1063 3158 «osi
1080 3108 1169 3159 aditus
1187 3109 1221 3159 ad
1242 3108 1432 3160 huiuscemodi
1458 3122 1503 3161 res

438 3198 537 3261 aliquis
561 3209 632 3261 quae
656 3198 689 3247 de
713 3197 790 3247 flrma
813 3197 879 3247 iuris
897 3209 941 3246 er·
997 3210 1106 3261 sueque
1125 3200 1261 3261 potentiae
1279 3200 1442 3263 cuiusquam
1455 3210 1503 3248 ue·

438 3286 535 3351 ploraii
554 3286 713 3337 auctoritaie
733 3286 875 3335 uerissime
899 3284 941 3336 Εἰ·
998 3299 1074 3349 «que
1092 3288 1206 3348 gratiae.
1221 3322 1228 3337 .
1243 3322 1251 3338 .
1267 3320 1274 3333 .
1293 3288 1347 3338 lato
1360 3286 1453 3337 uester
1464 3292 1503 3338 ie·

436 3387 500 3426 cero
513 3375 633 3438 disputat
644 3380 671 3425 ot
683 3373 814 3438 exemplis
824 3373 942 3425 illustrat
998 3374 1083 3434 osus,
1102 3375 1149 3438 qui
1167 3388 1249 3425 ausus
1268 3381 1309 3426 est
1326 3375 1434 3436 dicero,
1456 3390 1503 3428 ra·

436 3465 464 3515 iu
490 3464 614 3514 oratioue
636 3476 685 3527 pro
709 3462 826 3513 Caecina
850 3477 874 3512 o.
894 3463 939 3513 25.
997 3475 1305 3524 reassumendam,
1325 3464 1445 3527 dequo,
1467 3479 1503 3515 ue

436 3552 575 3604 alliud..
591 3557 699 3616 .poiesi
721 3551 774 3601 diei
798 3551 880 3601 iudici
906 3552 940 3602 ab
998 3552 1098 3601 «ouius
1124 3553 1164 3603 rei
1187 3559 1347 3616 urgueretur
1372 3552 1501 3616 quidem,

437 3642 551 3706 reliquo
569 3655 626 3692 nou
645 3647 699 3691 iam
717 3640 875 3691 uerecundo
893 3642 940 3691 ho·
997 3641 1090 3690 «seire
1108 3642 1253 3704 potuisset,
1281 3643 1337 3704 ipae
1353 3655 1504 3705 numqaum

438 3732 533 3781 omino
565 3742 646 3794 quam
677 3729 814 3792 gradosa:
845 3728 941 3779 iodieo
997 3730 1130 3778 eandam
1154 3731 1292 3783 iudicare,
1321 3731 1410 3780 deberi
1437 3732 1503 3780 uiro

437 3818 506 3868 oboo
524 3816 623 3880 foetam
646 3830 700 3868 essa
723 3822 770 3867 aui
793 3830 941 3881 numqaum
997 3817 1123 3872 «dotem,
1147 3831 1229 3880 qoom
1245 3818 1342 3868 matur
1359 3818 1433 3868 anilo
1452 3832 1503 3868 no·

437 3918 513 3957 «aare
524 3904 698 3968 foetum....·
713 3905 786 3955 erede
795 3905 854 3955 baie
863 3907 940 3956 testi:
997 3910 1088 3954 actore
1105 3906 1241 3956 dubia.»
1262 3931 1291 3943 -
1312 3904 1391 3957 Cous.
1404 3908 1434 3956 in
1450 3907 1503 3958 Vu-

437 3995 509 4045 obor
522 3993 793 4056 comprobatabatus.
813 3993 872 4044 Eoo
885 4007 941 4044 nou
997 3995 1118 4043 «tiniam
1135 4008 1160 4045 o.
1180 3995 1223 4045 ii.
1244 3992 1345 4058 (Verbo
1368 3996 1431 4046 uide
1457 4010 1503 4046 su·

437 4088 563 4148 «potesis
574 4064 874 4147 euifitiosoqaotasaii,
886 4084 941 4132 eius
997 4074 1067 4146 dpru
1086 4097 1113 4147 p.
1133 4083 1194 4133 156.
1213 4089 1271 4133 not.
1290 4083 1335 4134 27.

436 4177 641 4224 «intonantem
663 4182 719 4219 noa
741 4175 938 4232 asumptum,
1031 4168 1077 4236 30)
1096 4172 1210 4235 Respice
1227 4185 1298 4235 quae
1317 4186 1398 4237 supra
1415 4172 1504 4223 aduo-

437 4261 565 4311 «iadiom
584 4259 656 4322 qaod
673 4258 769 4309 maiar
785 4259 843 4308 aine
855 4261 941 4308 tutore
996 4260 1053 4311 isui
1072 4274 1098 4324 p.
1119 4260 1179 4312 iis.
1198 4266 1255 4312 not.
1276 4260 1320 4311 ii.

438 4356 568 4401 oouetora
581 4348 742 4412 promiserit,
763 4346 861 4397 deberi.
880 4347 939 4398 Non
