3420 5280
451 483 488 558 §-
509 471 542 543 1.
596 469 738 544 Iudicii
759 472 865 568 oripo
887 479 922 543 et
951 478 1106 544 notura.

298 662 365 726 111.
408 660 511 725 Νι..
535 704 544 723 .
567 678 727 724 possessa
752 678 884 722 essese.

299 815 358 884 Sic
392 820 460 906 legi
487 818 584 882 iussit
613 816 836 897 nnssornos,
865 835 981 901 parum
1014 815 1144 901 quidem
1181 815 1304 882 idonea
1341 783 1421 809 mm

235 941 385 1027 ratione,
418 940 548 1005 scilicet
578 941 654 1024 quin
676 941 896 1022 sponsiones,
930 939 1049 1021 quibus
1075 958 1113 1002 so
1141 940 1304 1024 inuicem,

236 1225 309 1276 Prol.
328 1226 391 1285 75,
421 1225 499 1289 Epid.
519 1226 555 1286 V,
575 1225 609 1283 2,
630 1225 674 1276 35.
695 1226 738 1279 ab.

236 1313 312 1364 Pers.
333 1313 378 1375 ll,
406 1314 438 1375 2,
469 1314 525 1375 3.),
560 1315 692 1377 posterior
716 1321 741 1364 ct

237 1404 453 1452 «coniunctionum
470 1409 495 1452 et
510 1404 683 1453 indicationem
695 1404 742 1452 od·
759 1442 766 1448 .

238 1494 359 1552 «mittit,
379 1497 409 1541 ut
427 1498 514 1541 tomen
532 1492 573 1540 itio
590 1491 680 1553 aptius
694 1505 743 1554 po·

238 1587 370 1629 tonatur.»

271 1668 332 1720 Nou
354 1668 530 1731 repugnabo;
551 1668 578 1717 id
596 1682 682 1718 unum
698 1681 742 1717 me

238 1752 345 1829 tutbat,
360 1756 430 1820 quod
442 1757 469 1804 in
480 1755 649 1806 adirmatiuis
663 1771 743 1820 spou-

239 1846 362 1895 sionibus
385 1845 497 1908 ubliquo
521 1859 647 1895 sermone
675 1846 743 1896 rese·

239 1935 332 1983 rendis
354 1946 409 1982 non
431 1935 558 1983 uenator
584 1934 614 1985 St
639 1941 665 1984 et
685 1936 741 1992 Νι.

240 2023 323 2071 immo
354 2028 484 2085 perpetuo
512 2025 637 2087 nepetino
665 2025 745 2086 parti·

240 2111 301 2159 cula
320 2111 355 2161 Νι
374 2111 527 2160 adhibetur.
571 2110 655 2160 Cuius
680 2113 744 2162 nodi

240 2199 367 2261 equidem
395 2198 489 2249 uidero
515 2198 744 2263 simplicissimam

240 2286 425 2347 solutionem,
468 2288 616 2339 dummodo
650 2288 746 2340 liceret

241 2375 400 2438 particulam
415 2378 444 2425 ni
456 2390 504 2439 pro
517 2391 612 2439 noune,
633 2392 669 2427 on
680 2392 744 2439 non,

241 2465 269 2513 iu
298 2464 407 2527 obliqua
437 2466 559 2515 oratione
584 2467 677 2528 positis
697 2463 745 2527 (Ob

240 2553 333 2616 nieht),
353 2554 514 2616 intelligere.
564 2555 646 2604 Vetus
672 2557 746 2604 euim

241 2646 283 2691 est
300 2648 381 2706 atque
400 2643 523 2692 omnium
540 2642 628 2692 ferme
641 2643 746 2706 lingua·

241 2743 303 2779 rum
321 2745 371 2780 usu
398 2738 558 2794 receptum,
588 2746 657 2795 quae
674 2733 706 2796 op
721 2745 747 2779 r·

240 2821 333 2868 modi
362 2820 455 2870 animo
481 2820 591 2884 obliqua
624 2821 747 2870 oratione

242 2907 459 2969 interrogentur,
482 2911 609 2971 negatiue
627 2911 743 2973 concipi,

243 3001 271 3045 et
287 3002 391 3046 eontra.
429 2998 464 3047 At
482 3000 556 3047 enim
577 3000 692 3050 uoculae
714 2999 748 3048 Ni

243 3086 377 3135 eiusmodi
403 3086 564 3147 significatio
591 3089 618 3137 iu
643 3087 747 3138 Lexicis

243 3186 379 3237 nusquam
398 3175 526 3224 occurrit.
564 3177 634 3238 Ergo
648 3178 699 3226 hoc
714 3177 748 3226 de

243 3262 377 3312 latinitate
412 3263 542 3314 iudicium
577 3264 748 3327 peritioribus

244 3350 381 3413 relinquo.
430 3352 505 3401 ilaec
526 3358 617 3403 tamen
641 3366 749 3402 mecum

244 3440 382 3500 reputavi,
402 3441 520 3503 primum
534 3441 562 3490 Si
579 3442 652 3491 baud
668 3427 766 3492 dubie'

245 3542 294 3590 pro
312 3528 354 3577 An
374 3531 515 3591 usurpari,
548 3532 638 3594 itaque
664 3532 750 3593 ipsam

244 3617 358 3673 Latinae
376 3620 487 3682 linguae
505 3619 624 3669 indolem
643 3621 687 3670 uix
704 3621 751 3669 ob·
778 3604 779 3609 ¹

245 3711 336 3765 stare,
368 3710 433 3771 quin
457 3708 491 3757 Ni
522 3709 606 3769 possit
631 3708 672 3756 An
698 3722 752 3757 non

246 3795 418 3857 significum
438 3796 569 3855 altarum,
590 3777 751 3858 ultrc'posse

246 3868 391 3944 concedi,¹
406 3886 439 3934 ad
461 3886 579 3947 priscum
598 3897 751 3934 sermonem

247 3973 325 4022 illum
343 3974 418 4023 uocis
436 3974 470 4024 Ni
488 3984 589 4032 usura,
618 3972 751 4036 siquidem

246 4062 411 4122 obtinuerit,
445 4064 605 4125 pertinere;
634 4074 696 4109 uam
724 4060 752 4108 iu

247 4151 427 4212 sponsionum
451 4151 637 4214 similiumque
661 4163 752 4199 rerum

248 4240 307 4287 iure
333 4245 360 4287 et
383 4240 580 4288 consuetudine
605 4245 659 4288 tam
679 4238 754 4288 Cice·

248 4327 323 4377 rouis
343 4333 430 4376 aetate
450 4341 530 4389 quarn
551 4334 642 4389 postea
656 4328 753 4377 multas

798 1227 881 1289 prisci
910 1227 1044 1276 sermonis
1079 1226 1208 1290 reliquias
1241 1225 1304 1276 exti-

798 1315 879 1376 tisse,
902 1328 984 1365 nemo
1003 1328 1070 1365 sana
1090 1317 1210 1377 negabit.
1254 1313 1304 1364 lle·

798 1403 881 1466 nique
896 1418 981 1457 unum
994 1405 1090 1454 saltem
1104 1404 1195 1454 locum
1211 1404 1305 1452 iuueni

799 1487 901 1555 (neque
919 1493 1038 1543 lectione
1055 1506 1145 1555 neque
1162 1506 1243 1542 seusu
1258 1493 1305 1541 du-

799 1584 889 1642 bium,
910 1582 1035 1643 quamuis
1054 1582 1130 1630 uarie
1150 1580 1233 1631 avv.
1246 1579 1304 1639 ltu,

799 1668 960 1735 agitatum),
982 1671 1028 1720 ubi
1049 1671 1076 1718 in
1092 1669 1234 1723 ,cummuni
1247 1682 1307 1719 ser⁴

800 1774 881 1810 mone
901 1758 998 1809 uocula
1017 1759 1051 1808 tlt
1070 1759 1105 1807 ita
1125 1758 1217 1809 ualere
1232 1757 1305 1806 uide·

800 1856 867 1907 tur;
899 1849 960 1899 dico
991 1847 1082 1896 Ptoou·
1110 1847 1215 1896 Trucul.
1252 1846 1304 1905 Ν,

800 1939 834 1997 2,
853 1937 896 1987 23.

800 2026 972 2088 Astaphium:
1002 2024 1139 2074 «Litteras
1169 2023 1305 2074 didicisti:

854 2113 984 2176 «quando
1003 2115 1072 2173 scis,
1101 2115 1160 2162 siue
1180 2112 1248 2162 alios
1267 2113 1306 2162 di·

853 2215 981 2251 «scere»

801 2291 935 2341 Dinarclt:
968 2290 1118 2352 «Discaut,
1153 2290 1215 2339 dum
1244 2289 1309 2338 mim

854 2393 868 2425 o
877 2381 1059 2443 orpumeuturi
1071 2380 1156 2439 liceat,
1176 2379 1205 2427 ni
1214 2377 1308 2428 oblitus

844 2451 940 2516 'tttt’em

855 2570 869 2600 o
879 2555 955 2616 Quod
976 2555 1048 2603 dedi.
1076 2579 1109 2589 -
1138 2554 1306 2603 delulerat

857 2658 870 2688 u
880 2644 1010 2705 magister
1028 2643 1093 2692 dum
1111 2647 1139 2691 tu
1169 2655 1308 2691 cummen-

857 2732 971 2802 «tabere

857 2821 938 2870 «volt
951 2821 1059 2870 interim
1073 2820 1119 2869 illa
1133 2820 1226 2870 itidem
1236 2831 1309 2870 com·

856 2911 1004 2959 «mentori.
1035 2933 1065 2944 -
1094 2909 1139 2959 nt.
1172 2908 1256 2971 quid?
1277 2933 1306 2945 -

853 2999 918 3049 «As.
956 3011 1014 3047 rem
1049 2998 1173 3060 accipere
1210 2997 1310 3046 identi-

856 3088 979 3149 «domn,
1000 3086 1049 3137 rel.

804 3176 905 3228 Confer
941 3180 1047 3238 praeter
1073 3175 1197 3224 Editores
1228 3175 1310 3223 etiam

805 3266 835 3316 F.
857 3265 888 3316 G.
903 3248 940 3315 ¹li.
964 3266 1050 3315 Raetii
1075 3264 1207 3328 opuscula
1233 3263 1311 3313 Plau·
1370 3248 1373 3253 ¹

804 3355 880 3413 tina,
908 3354 968 3403 Vol.
997 3353 1033 3401 11.
1060 3368 1085 3415 p.
1114 3352 1176 3405 333.
1213 3352 1311 3402 ullocb

807 3442 928 3491 «miicbt'
948 3441 992 3491 ioh
1010 3440 1186 3502 eriorschen‚
1210 3441 1245 3490 ob
1268 3441 1312 3490 ich

807 3536 899 3597 «elwa
926 3530 1146 3590 ansgcschwitzt,
1176 3529 1241 3580 Was
1268 3529 1312 3578 iob

808 3618 938 3668 ‹tlerut’n›
968 3644 999 3653 -
1037 3617 1089 3667 Sed
1111 3619 1164 3667 iam
1192 3617 1256 3666 satis
1279 3618 1312 3667 de

807 3707 967 3767 Latinitate,
993 3707 1027 3756 de
1046 3719 1117 3771 qna,
1146 3706 1216 3756 sicut
1231 3711 1313 3756 autea

808 3797 877 3855 dixi,
907 3810 963 3846 uon
994 3808 1086 3845 meum
1113 3801 1154 3844 est
1181 3795 1312 3845 iudicare.

807 3884 847 3933 Ite
866 3896 895 3933 re
915 3890 1005 3934 autem
1024 3898 1056 3934 ac
1069 3885 1203 3934 sententia
1223 3885 1250 3933 in
1269 3896 1314 3932 me

808 3974 930 4035 recipio,
950 3971 1025 4033 iore,
1054 3977 1102 4035 ut,
1130 3986 1199 4037 quae
1218 3985 1314 4021 secun·

810 4062 874 4111 dum
902 4061 1058 4111 Honebltiom
1076 4061 1153 4110 attuli
1179 4059 1312 4122 exempla,

810 4149 901 4199 omnia
932 4149 1109 4198 inueniuntur
1129 4155 1246 4199 tentatae
1275 4147 1314 4196 illi

811 4238 910 4287 rationi
930 4242 1113 4286 consentanca
1133 4250 1202 4287 esse.
1250 4236 1314 4297 Qui·

812 4328 861 4376 bus
893 4327 1003 4387 insuper
1031 4326 1156 4373 adiiciam
1192 4331 1245 4372 tam
1280 4324 1315 4375 ad
