3420 5280
409 463 451 527 58
514 458 609 563 cop.
630 461 667 537 1.
719 458 781 537 De
805 463 891 536 iure
916 483 1077 536 caussae
1105 458 1369 548 Quinctianae.

242 652 320 752 „37¹
337 652 389 693 ¹⁸¹1·
408 638 618 736 disseratur,
668 649 916 736 doceaturque,
965 669 1078 717 earum
1118 652 1339 718 clausularum
1381 652 1472 716 nulla

408 770 598 856 Quinctium
621 790 729 858 neque
750 773 859 838 teneri
880 790 990 859 neque
1010 774 1078 839 ullo
1100 772 1198 839 modo
1219 765 1404 863 adtinglw).

478 893 678 962 Vadtmoatt
719 912 800 960 uero
843 893 974 961 deserti
1009 896 1161 980 quaestio
1203 892 1263 961 ubl
1304 896 1473 961 inuenitur

470 1007 611 1083 locata?
1111 1010 1113 1019 ’

469 1137 599 1223 Nempe
620 1139 654 1202 ln
675 1141 791 1221 prima
812 1131 967 1221 parte³¹).

472 1256 562 1342 Quld
583 1277 666 1347 ergo
689 1249 767 1324 est?
793 1257 986 1344 'l'antopere
1007 1259 1081 1323 uisa
1103 1260 1156 1323 est
1174 1259 1262 1322 omnl
1276 1277 1338 1323 sua
1352 1261 1474 1324 natura

408 1384 511 1467 atque
539 1381 662 1448 ellectu
695 1381 807 1447 altena
841 1398 917 1446 esse
950 1398 972 1445 a
1007 1378 1252 1465 quadripartito
1280 1380 1339 1445 illo
1361 1379 1472 1446 lldlcti

409 1505 544 1589 capae,
560 1505 598 1568 ut
618 1521 662 1569 ne
683 1501 728 1569 ad
748 1500 887 1567 eandem
910 1500 1040 1587 quidem
1057 1501 1316 1569 contumatlonls
1333 1506 1474 1587 partem

410 1627 597 1717 pertulere,
617 1642 743 1710 neque,
763 1623 819 1689 ubi
842 1626 1081 1708 quaereretur,
1102 1624 1325 1690 narboncas
1341 1621 1473 1688 Edicto

408 1747 581 1835 possideri
600 1749 814 1835 potutaaeat,
837 1746 1011 1830 quicquam
1032 1746 1147 1811 ualere
1168 1747 1354 1831 putaretur.

473 1867 601 1935 Contra
639 1870 783 1952 apparet
824 1868 1002 1933 attinuisse
1038 1865 1081 1932 de
1121 1865 1311 1932 uadimonia
1338 1864 1474 1932 deserto

410 1989 619 2076 disceptare,
654 1989 710 2055 ubi
744 1987 778 2053 id
809 1990 989 2077 ageretur,
1025 2008 1152 2055 curmae
1180 1987 1319 2055 Naeuio
1346 1986 1475 2073 firmaet

409 2130 536 2197 noemae,
558 2130 621 2177 eur
647 2109 862 2200 postularet,
897 2113 939 2175 ut
971 2110 1061 2176 botua
1092 2107 1247 2193 Qulncttt
1269 2110 1474 2198 poastdcret.

410 2233 506 2299 Haec
528 2230 614 2298 enlm
634 2250 760 2298 summa
782 2233 835 2298 est
856 2231 982 2316 primae
1004 2232 1075 2296 eius
1095 2232 1213 2317 partls.
1351 2304 1357 2315 x

473 2353 634 2421 Videmus
655 2355 766 2419 autem
787 2351 875 2419 hanc
897 2332 1029 2438 partem
1049 2351 1179 2420 duobus
1193 2353 1278 2419 locis
1292 2370 1354 2417 sou
1367 2370 1475 2441 argu-

409 2476 530 2541 mentis
558 2476 734 2557 constare,
767 2475 889 2560 prlmo,
925 2469 1116 2555 Quinctlum
1142 2473 1224 2540 nihil
1250 2473 1381 2540 Naeuio
1411 2471 1475 2538 de-

409 2597 538 2682 buisse,
559 2596 668 2662 altero
690 2592 912 2661 uadimonium
934 2596 965 2661 ei
987 2596 1111 2661 nullum
1133 2594 1333 2662 deserulsse.

434 2762 437 2779 ⁸
472 2793 568 2878 Ergo
591 2811 718 2860 caueae
737 2791 849 2878 fittase
871 2790 1018 2876 dicetur,
1040 2809 1101 2857 car
1114 2790 1263 2857 Naeuius
1278 2792 1477 2877 postularet,

410 2917 448 2980 ut
475 2915 566 2981 bona
594 2912 741 2997 Qulnctii
769 2912 987 3003 possideret,
1007 2916 1039 2980 sl
1060 2911 1117 2978 ltlc
1145 2912 1199 2978 ute
1229 2918 1294 2979 aut
1319 2911 1477 2979 debuertt

411 3036 545 3127 attqutd
568 3040 633 3102 cut
653 3036 894 3102 uadimonium
914 3035 1119 3101 deseruerit.

474 3211 564 3278 Illud
591 3213 696 3302 igitur
722 3230 822 3276 unum
853 3213 1028 3297 superest,
1059 3213 1097 3277 ut
1130 3210 1360 3296 dlspiclamus,
1391 3230 1476 3296 quae

411 3336 499 3400 ralla
519 3335 608 3399 inter
633 3332 713 3419 has,
742 3351 828 3418 quae
851 3333 1022 3419 dieantur,
1050 3354 1194 3401 caussas
1224 3353 1287 3400 eur
1314 3331 1475 3400 Nasutus

410 3455 607 3544 postularet
626 3459 729 3542 atque
754 3458 897 3541 quatuor
922 3458 999 3522 illas
1026 3454 1140 3521 Edictl
1171 3456 1339 3522 clausulas
1368 3457 1475 3522 luter-

410 3579 561 3645 cesserit.

475 3755 634 3821 Nimtrum
656 3756 806 3839 constat,
834 3755 891 3818 illo
914 3752 1027 3819 Edisti
1055 3755 1166 3840 capite
1196 3757 1339 3840 quatuor
1365 3773 1476 3844 gene-

412 3876 506 3942 ribus
541 3894 601 3941 eas
635 3894 799 3960 personas
833 3875 979 3961 definiri,
1015 3893 1151 3961 quarum
1186 3874 1276 3941 bona
1310 3875 1475 3962 possideri

412 3996 523 4073 liceat.
564 3997 688 4063 Earum
707 4000 817 4065 autem
839 3998 1026 4064 numerosi
1048 3998 1476 4082 quisesset,numomnl-
1696 4030 1701 4123 q

449 4286 494 4345 30)
515 4299 539 4335 c.
559 4286 601 4336 19.
622 4299 696 4350 seqq.
1002 4283 1049 4345 31)
1068 4299 1092 4335 c.
1112 4283 1154 4334 ll.
1175 4291 1240 4335 erle,
1265 4312 1290 4321 -
1315 4286 1358 4336 19.
1380 4286 1424 4335 28.
