3310 5280
427 471 488 535 184
535 469 629 573 Cup.
656 471 691 546 1.
743 470 805 546 De
831 475 918 548 iure
942 495 1104 548 caussae
1132 472 1395 561 Quinctianae.

268 678 403 768 issss‘fffss.
485 662 576 730 Ecce
609 663 669 728 tibi
697 662 740 728 ad
776 662 985 752 tragoediam
1021 662 1261 746 exhibendum,
1289 670 1482 749 praesertim

253 790 293 825 2⁰¹·
421 785 516 851 ouius
552 785 650 849 etlam
683 786 843 850 comoedo
877 786 1002 870 primae
1040 789 1155 870 partes
1191 787 1418 853 tribuerentur
1426 784 1480 871 ³⁶),

420 909 543 995 ingens
571 909 817 994 argumentum,
850 905 893 971 ad
922 908 975 972 ius
1003 911 1113 973 autem
1142 908 1239 974 ciuile
1262 911 1296 974 et
1317 907 1361 972 ad
1383 927 1483 974 eaus-

421 1046 490 1093 sam
513 1026 613 1093 ludici
639 1027 844 1111 probandam
873 1028 971 1093 ualde
993 1047 1065 1094 meo
1093 1028 1224 1115 quidem
1247 1029 1368 1098 iudicio
1391 1030 1484 1095 infir-

420 1169 517 1214 mum.
561 1146 696 1234 Quippe
723 1168 785 1214 suo
808 1150 957 1235 periculo
978 1149 1128 1216 Naeuius
1149 1150 1184 1214 ld
1207 1153 1319 1240 egisse
1341 1150 1484 1217 uidetur.

421 1268 527 1352 erem
549 1272 648 1336 sicuti
671 1289 766 1336 nemo
789 1273 886 1356 eulpa
908 1272 1111 1369 liberaturus
1138 1276 1251 1356 esset,
1282 1273 1311 1338 si
1334 1273 1486 1358 quando-

421 1411 552 1478 cunque
579 1393 667 1457 bona
697 1389 843 1473 Quinctii
880 1395 913 1456 in
941 1391 1052 1460 Gallia
1080 1394 1171 1459 iussu
1204 1413 1266 1459 suo
1295 1397 1331 1459 at
1359 1397 1487 1461 iniussu
1613 1452 1615 1459 ,

421 1514 595 1579 Praetoris
628 1516 793 1598 occupata
831 1514 998 1598 luissent,
1037 1515 1114 1599 quia
1145 1515 1294 1582 tortasse
1327 1516 1488 1601 Praetor,

422 1653 517 1721 quem
550 1638 786 1720 exspectasset
817 1637 981 1700 iussurum
1011 1654 1102 1724 esse,
1136 1638 1362 1721 postulantem
1397 1641 1488 1703 rele-

291 1796 296 1809 ,
421 1760 545 1843 sisset,
567 1758 616 1823 sle
638 1758 758 1822 contra
779 1759 960 1842 aequitatis
982 1759 1069 1822 ratio
1091 1761 1264 1848 suggerit,
1290 1761 1328 1823 ut
1349 1762 1383 1824 in
1406 1778 1489 1844 pro-

422 1880 534 1964 posita
555 1879 668 1964 specle
691 1879 818 1964 pariter
837 1879 917 1973 plus
939 1883 978 1944 iu
999 1896 1037 1943 re
1055 1898 1160 1969 potum
1173 1884 1212 1945 iu
1226 1884 1489 1947 existimatione

420 1999 532 2087 [uim
554 2002 734 2065 statuatur.
785 1999 903 2084 Neque
924 2000 993 2065 ullo
1015 1999 1113 2066 modo
1136 2003 1341 2068 conueniens
1363 2004 1436 2087 est,
1457 2004 1490 2066 in

424 2123 640 2208 possessione
668 2122 845 2203 bonorum,
878 2139 974 2207 quam
1003 2120 1265 2205 adprehendere
1294 2124 1357 2188 nisi
1380 2122 1491 2188 Prae-

425 2246 500 2309 tore
536 2248 675 2311 auctore
718 2262 786 2308 non
826 2245 1011 2330 prouidere
1045 2247 1220 2327 petantur,
1256 2247 1344 2310 tussi
1383 2245 1492 2334 magis

428 2384 524 2451 quam
544 2364 637 2450 faeti
657 2369 791 2450 tempus
812 2368 978 2449 spectare.
1468 2456 1470 2461 Ι

489 2487 561 2553 Neo
584 2507 635 2551 me
656 2489 784 2572 mouet,
814 2485 902 2572 quod
929 2485 1084 2553 laudibus
1105 2487 1143 2554 C.
1166 2486 1322 2553 Flaccum
1345 2488 1493 2572 impera-

426 2612 531 2673 torem
561 2609 679 2675 Cicero
708 2610 860 2692 extollit,
893 2611 948 2694 qul
971 2612 1038 2673 tam
1061 2610 1094 2672 in
1118 2610 1291 2694 prouincia
1312 2610 1401 2674 illam
1424 2627 1493 2674 rem

426 2730 642 2796 uehementer
663 2730 895 2797 uindicandam
911 2732 1079 2815 putauerit
1087 2725 1139 2803 ³⁷).
1183 2730 1317 2796 Etenim
1332 2729 1411 2815 quid
1432 2731 1494 2794 ml-

427 2871 516 2933 rum,
545 2870 618 2917 eum
647 2854 878 2941 magistratum
906 2872 973 2919 non
995 2855 1060 2917 uim
1082 2854 1188 2917 solum
1210 2871 1251 2919 ac
1274 2852 1494 2918 delectionem

428 2966 537 3058 (quae
553 2993 621 3038 non
643 2972 740 3038 huius
761 2973 822 3039 sed
846 2974 950 3058 quinti
972 2975 1039 3040 lool
1062 2963 1137 3053 est]
1160 2991 1295 3059 uerum,
1316 2977 1495 3058 antequem

428 3094 623 3162 Praetorem
645 3097 806 3162 urbanum
828 3097 965 3161 iussisse
987 3097 1151 3178 selretur,
1180 3097 1280 3160 eliam
1302 3098 1495 3179 possessio-

429 3236 503 3283 nem
526 3208 759 3302 improbasse?

492 3334 630 3405 Saluum
663 3341 768 3426 igitur
800 3338 863 3405 hoc
902 3356 1034 3425 qnoque
1072 3339 1148 3404 loco
1189 3338 1308 3405 Naeuii
1341 3352 1494 3405 caussam

430 3461 535 3529 fnisse
557 3462 712 3528 arbitror.

493 3580 591 3664 Quod
613 3584 642 3648 si
665 3585 739 3668 quis
760 3581 898 3668 dixerit,
931 3581 1052 3667 cupide
1074 3586 1202 3671 tamen,
1224 3583 1406 3663 malitiose,
1431 3583 1494 3645 lm-

430 3704 536 3788 probe
557 3704 720 3771 Naeuium
742 3705 877 3793 egisse,
913 3703 954 3769 de
977 3722 1018 3768 ea
1039 3722 1077 3768 re
1099 3705 1222 3769 nullum
1247 3723 1323 3770 esse
1345 3705 1494 3768 nostrum

430 3823 585 3889 iudicium
614 3824 800 3891 delendam.
845 3824 910 3907 Qui
936 3827 1021 3891 enlm
1042 3826 1121 3890 seiri
1142 3824 1241 3891 hodie
1264 3827 1394 3911 potest,
1431 3841 1494 3888 ue-

428 3964 514 4011 ·rane
536 3948 581 4009 sit
603 3946 776 4012 Ciceronis
798 3949 945 4013 narratio
972 3966 1015 4012 an
1039 3948 1151 4012 aerius
1173 3947 1319 4014 fortasse
1341 3946 1496 4012 Horten-

468 4256 514 4310 aui
531 4255 597 4304 Vide
625 4253 745 4316 lepidum
773 4254 806 4302 de
830 4253 862 4314 Q.
885 4254 935 4301 lio·
1026 4250 1071 4316 37)
1091 4252 1168 4304 Comi.
1189 4266 1213 4302 e.
1233 4252 1259 4303 ’1.

434 4347 490 4396 selo
509 4343 678 4407 prooemium
697 4342 724 4391 in
743 4354 766 4390 o.
788 4341 830 4391 24.
851 4354 908 4403 seq.
