3352 5276
426 461 487 524 156
534 456 630 561 cap.
652 458 687 532 Ι.
740 456 803 560 De
827 462 913 534 iure
939 482 1102 534 caussae
1130 457 1403 547 Quinctianae:

266 662 404 772 soff-1⁸2
423 651 606 716 Censoriae
638 647 916 714 animaduersioni
955 649 1120 716 obnoxiae
1155 649 1286 738 inisse,
1332 649 1488 714 traditum

266 781 345 831 ulti·
423 774 614 859 accepimus
627 763 675 849 ²⁷).

458 1042 504 1116 27)
523 1051 654 1102 Asconius
668 1037 704 1100 ‘tn
723 1049 875 1101 orationem
900 1049 928 1099 in

424 1146 487 1204 toga
500 1126 626 1196 eandida.
641 1139 675 1189 ad
688 1139 772 1189 uerba
786 1136 927 1188 &sereniss

425 1229 536 1292 «Quem
555 1230 629 1279 enim
648 1233 694 1277 aut
711 1227 829 1277 amioum
842 1227 929 1276 habe-

426 1332 479 1368 are
498 1323 586 1382 potest
604 1317 642 1377 is,
662 1317 709 1380 qui
728 1320 766 1365 tot
784 1315 859 1365 oiues
875 1321 930 1365 tru-

426 1406 569 1455 soirisuitl
597 1410 643 1455 aut
661 1404 806 1464 clientem,
834 1403 881 1467 qni
900 1399 935 1452 in'

428 1507 497 1544 seua
517 1494 626 1544 ciuitate
646 1506 709 1542 cum
725 1493 869 1555 peregrino
883 1505 929 1542 ne-

427 1583 523 1646 «gauit
541 1595 570 1632 se
591 1581 691 1631 iudicio
712 1593 800 1644 aequo
825 1585 930 1631 certare

427 1672 569 1734 «poesela
590 1666 672 1733 (apud
688 1668 816 1718 Orellinm
830 1683 856 1732 p.
871 1665 929 1732 aa.)

428 1774 443 1805 a
453 1794 460 1809 .
470 1794 477 1809 .
487 1795 493 1810 .
505 1759 638 1809 clientem
651 1738 742 1809 ¹autem
756 1758 868 1819 negauit
877 1755 932 1816 (Ci-

428 1845 523 1910 acero)
531 1848 632 1897 habere
642 1860 721 1911 posse
728 1845 759 1896 C.
767 1846 930 1896 Antonium:

429 1950 516 1986 anam
535 1937 557 1985 is
575 1936 674 1985 multos
694 1936 721 1984 ln
741 1934 845 1984 Achaia
870 1946 932 1997 spo·

428 2025 581 2086 alienarat,
593 2029 687 2074 nactus
697 2024 731 2073 de
740 2024 860 2073 exercitu
871 2020 932 2071 Sul·

429 2112 515 2163 «lano
533 2114 655 2177 equitum
674 2116 788 2162 turmas.
824 2110 932 2161 Deinde

429 2201 559 2263 «Graeci,
579 2204 625 2266 qui
638 2201 744 2265 spoliati
760 2206 848 2259 erant,
868 2201 932 2250 edu·

429 2296 547 2340 «rerunt
564 2290 712 2340 Antonium
732 2289 760 2338 in
781 2289 821 2338 ius
841 2288 932 2340 adli.

430 2378 595 2433 «Lucullum
615 2378 788 2438 Praetorem,
820 2377 866 2441 qui
892 2378 933 2427 ius

429 2468 522 2518 «inter
541 2469 698 2531 peregrinos
721 2466 837 2515 dicebat.
875 2465 935 2528 Egit

430 2570 502 2621 apro
521 2555 631 2606 Graecis
654 2555 697 2615 (C.
718 2554 804 2607 Iulius
822 2549 933 2617 Caesar)

431 2645 610 2697 «etiamtum
635 2641 870 2703 adolescentulus,
900 2641 934 2693 de

430 2745 506 2798 aquo
525 2733 617 2796 paullo
630 2738 699 2803 ¹ante
714 2733 882 2781 mentionem
897 2729 936 2781 te·

431 2824 555 2882 seimus;
588 2827 614 2871 et
637 2834 721 2885 quum
742 2818 872 2869 Lucullus
891 2818 934 2881 id,

432 2912 524 2975 «qnod
553 2910 649 2960 Graeci
677 2910 862 2974 postulabant,
890 2907 937 2957 de·

433 3000 607 3060 retentaret,
637 2998 785 3060 appellauit
814 2996 936 3046 tutanos

432 3086 583 3137 aimonius
601 3087 771 3150 innuitque,
791 3098 820 3147 se
840 3086 866 3135 ld
880 3084 936 3135 eiu·

432 3189 532 3237 arare,
553 3174 625 3239 quod
643 3188 732 3238 aequo
750 3175 809 3224 inre
827 3174 935 3223 utinen

433 3268 553 3328 «posset.
584 3263 666 3312 Hans
679 3261 825 3314 Antonium
838 3259 937 3312 Gallias

434 3358 482 3402 ast
503 3351 630 3402 Lautulas
656 3349 777 3402 Censores
794 3349 935 3408 sexennio,

434 3455 510 3506 «quo
540 3440 609 3491 haee
634 3440 805 3501 dicerentur,
836 3437 936 3488 Senatu

433 3534 613 3584 «mouerunt,
637 3541 802 3592 caussasque
820 3527 938 3577 subscri·

434 3623 581 3682 «pserunt,
596 3618 668 3681 quod
680 3618 769 3667 socios
782 3614 935 3680 diripuerit,

434 3707 530 3769 spuet
547 3707 677 3756 indicium
693 3707 834 3763 recusarit,
863 3703 936 3768 qnod

434 3800 567 3858 «propter
584 3796 654 3845 aeris
673 3793 756 3845 alieni
775 3792 938 3856 magnitudi-

435 3897 522 3934 anem
538 3883 647 3946 praedia
660 3882 834 3953 manciparit,
855 3881 939 3931 bona-

436 3985 512 4036 sque
531 3985 580 4021 sua
598 3972 626 4021 in
642 3976 773 4034 potestate
788 3982 843 4019 non
855 3969 939 4019 halse-

436 4066 527 4112 srat.n
549 4086 577 4095 -
599 4059 676 4110 Cont.
690 4059 826 4108 Plutarch.
841 4058 869 4107 iu
881 4059 937 4108 uita

437 4149 561 4200 Caesaris
579 4162 605 4197 o.
622 4148 652 4197 i.
675 4173 703 4183 -

470 4239 501 4287 in
526 4237 666 4287 Vatinium
689 4247 713 4285 o.
734 4234 777 4284 lt.
809 4232 939 4296 «Quaero

436 4328 540 4378 «esiam
559 4325 626 4376 iliud
645 4338 680 4376 ex
699 4330 739 4379 te,
760 4322 832 4387 quod
850 4321 940 4386 priua·

986 1053 1052 1100 stus
1070 1049 1203 1100 admisisti
1215 1085 1222 1100 .
1236 1085 1244 1101 .
1257 1085 1278 1112 .‚
1303 1049 1491 1114 postulatusne

985 1138 1048 1189 «sis
1066 1139 1126 1201 lage
1145 1139 1251 1189 licinia
1269 1143 1296 1189 et
1313 1139 1415 1189 lunial
1433 1140 1491 1197 erli-

986 1227 1114 1278 axeritne
1131 1226 1161 1278 C.
1175 1226 1320 1278 Memmius
1332 1218 1447 1278 Praetor
1459 1242 1492 1278 ex

987 1315 1056 1365 allia
1077 1314 1154 1379 tago,
1174 1321 1204 1365 ut
1221 1316 1332 1366 adesses
1351 1316 1395 1366 die
1413 1318 1493 1366 triae·

988 1403 1099 1454 aslmol
1125 1418 1210 1467 quum
1235 1405 1258 1453 is
1277 1404 1334 1454 dies
1354 1405 1493 1462 uenisset,

987 1491 1153 1554 «fecerisne,
1167 1492 1239 1557 quod
1250 1495 1278 1542 in
1288 1494 1340 1543 hau
1353 1493 1494 1556 republica

987 1592 1065 1631 anon
1084 1581 1166 1632 modo
1184 1581 1285 1631 iactum
1308 1588 1389 1631 antea
1415 1596 1494 1631 num·

988 1675 1166 1733 squamosi,
1186 1671 1233 1720 sed
1254 1670 1282 1719 in
1302 1670 1378 1720 omni
1391 1683 1495 1720 memo*

988 1759 1051 1808 aria
1070 1759 1105 1808 sit
1122 1759 1235 1809 omnino
1254 1759 1429 1809 inauditum?
1445 1771 1496 1820 ap·

988 1846 1496 1910 apellarisnstribnssosplebisnsoaus·

990 1948 1071 1985 asam
1097 1935 1217 1985 dismas?
1232 1968 1239 1982 .
1257 1968 1265 1983 .
1284 1969 1291 1982 .
1310 1936 1496 2000 appellarisne

989 2037 1004 2068 a
1012 2023 1174 2074 nominatim
1185 2029 1288 2088 pestem
1298 2024 1456 2074 iliiussnni.
1469 2059 1476 2073 .
1487 2058 1494 2073 .

989 2111 1155 2163 «Clodiuml
1167 2112 1219 2175 Qui
1227 2118 1319 2164 tamen
1329 2126 1412 2177 quum
1423 2114 1496 2173 iure,

990 2214 1097 2264 «quum
1123 2215 1218 2263 more,
1249 2216 1334 2266 quum
1364 2208 1497 2264 potestate

992 2286 1146 2340 «iudicium
1165 2291 1297 2354 impedire
1316 2304 1371 2341 non
1394 2293 1497 2355 posset,

992 2379 1147 2431 «rediitad
1166 2380 1241 2429 itiam
1260 2380 1316 2429 uim
1336 2385 1363 2430 at
1374 2377 1498 2430 iurarem

991 2483 1094 2519 usuum
1103 2468 1255 2532 ducemque
1266 2469 1432 2518 semititibus
1442 2470 1499 2519 tuis

991 2558 1165 2622 «praebuit»
1175 2582 1204 2594 -
1213 2557 1245 2606 lit
1256 2556 1379 2608 interius:
1391 2556 1499 2620 «Quae-

992 2660 1045 2699 sro
1065 2660 1096 2698 es
1115 2651 1157 2706 te,
1177 2646 1284 2708 Vatini,
1303 2647 1449 2709 numquis
1470 2646 1500 2695 in

992 2737 1067 2786 «hac
1085 2735 1196 2785 ciuitate
1213 2740 1274 2799 post
1291 2736 1386 2785 urbem
1404 2734 1500 2784 eondi-

993 2830 1070 2874 atam
1089 2825 1213 2874 lrilrunos
1228 2824 1265 2888 pl.
1280 2823 1445 2888 appellauit,
1463 2835 1501 2871 sss

993 2926 1136 2963 aeanssnm
1161 2912 1305 2962 diceretis
1337 2909 1409 2974 (Quo
1435 2911 1500 2961 loeo

992 3000 1065 3052 cont.
1076 3000 1137 3050 Liss.
1150 3000 1289 3051 xxxviii
1297 3035 1304 3059 ,
1318 2999 1363 3050 52.
1378 2996 1424 3059 lli,
1438 2995 1499 3063 Μ.)

993 3090 1123 3153 «Quaero
1134 3123 1141 3139 .
1154 3124 1161 3139 .
1173 3120 1196 3150 ·,
1217 3090 1263 3153 qui
1282 3093 1502 3138 consentaneum

993 3178 1112 3238 aluerit,
1138 3191 1221 3242 quum
1244 3175 1388 3240 legationis
1408 3176 1501 3240 pertu-

993 3269 1061 3331 sglo
1080 3266 1118 3316 uti
1137 3265 1289 3326 noluisses,
1318 3265 1503 3327 appellatione

993 3355 1210 3419 «improbissima
1222 3358 1247 3403 ts
1259 3353 1297 3402 aa
1308 3354 1445 3403 auxilium
1453 3365 1502 3401 sss·

993 3442 1118 3506 asomum
1136 3441 1313 3506 centuplam.»

1028 3532 1157 3583 Videatur
1183 3533 1265 3582 etiam
1290 3529 1387 3580 Caesar
1410 3529 1444 3580 da
1466 3529 1501 3579 B.

994 3619 1025 3672 C.
1045 3619 1102 3681 111,
1122 3621 1165 3670 20.
1195 3619 1317 3669 «lisdem
1331 3618 1504 3682 temporibus

993 3707 1030 3772 (a.
1051 3723 1078 3759 u.
1099 3706 1175 3770 706.)
1197 3709 1318 3759 allomae
1337 3708 1376 3759 Μ.
1390 3706 1504 3757 Coelius

995 3797 1104 3848 «liuius
1123 3797 1254 3852 Praetor,
1280 3810 1377 3847 oaussa
1397 3796 1505 3846 (lebito-

995 3901 1079 3936 ‹srum
1097 3892 1237 3949 suscepta,
1263 3887 1341 3935 initio
1360 3885 1506 3947 magistra·

996 3989 1011 4020 s
1020 3982 1062 4026 tus
1079 3974 1200 4026 tribunal
1213 3988 1292 4024 suum
1305 3975 1377 4024 turta
1390 3972 1421 4024 C·
1435 3973 1507 4022 Tre·

997 4065 1109 4124 abonii,
1122 4064 1257 4115 Praetoris
1270 4063 1382 4125 urbani,
1402 4062 1507 4112 sellam

997 4153 1178 4211 «oolioeauiu
1199 4159 1240 4212 et,
1259 4154 1282 4201 si
1299 4153 1358 4215 pasis
1371 4152 1508 4212 appellas-

997 4249 1056 4292 aest
1075 4243 1109 4292 de
1127 4241 1316 4291 aestimatione
1334 4245 1361 4290 et
1374 4240 1408 4290 rle
1427 4240 1507 4290 solu·

999 4332 1157 4388 ottonibus,
1190 4343 1260 4394 quae
1290 4343 1338 4393 per
1368 4328 1508 4379 arbitrum
