3352 5276
202 541 239 618 s.
257 532 294 603 7.
322 528 381 602 At
404 527 467 617 θ’.
486 520 675 605 absentem
691 538 793 605 recte
811 528 1021 629 defenderit
1038 549 1165 601 accae.
1204 523 1266 588 13⁷

202 721 368 787 utdebure
408 723 516 785 omnia
551 720 697 806 faciant,
735 739 800 806 qua
836 718 979 804 denique
1010 720 1146 785 seruata
1174 716 1265 781 nulla
1284 716 1434 829 effi&

203 845 364 907 sermonis
387 861 453 907 non
476 841 573 906 modo
595 841 791 909 deformitas
816 842 876 907 sed
898 860 941 907 nc
962 841 1167 927 inelegantis
1189 839 1267 923 qul·
1284 833 1332 873 ⁰³⁰·

203 965 276 1030 dem
305 969 484 1049 appareat:
522 944 666 1050 pessima
694 983 778 1030 sane
807 967 939 1029 ratione
968 962 1092 1027 iactum
1124 964 1195 1049 cst,
1229 963 1266 1024 ut

203 1086 394 1172 posthabita
406 1089 547 1152 omnium
559 1086 717 1154 Codicum
732 1088 933 1152 auctoritate
949 1087 1143 1151 coniectura
1158 1084 1267 1149 textui

202 1212 423 1300 insereretur,
444 1210 567 1305 uerbis
580 1207 710 1295 quidem
733 1210 902 1293 primaque
924 1207 1012 1273 facie
1034 1207 1208 1290 speciosa,
1229 1221 1267 1269 re

203 1334 311 1396 autem
335 1335 369 1397 et
390 1310 541 1397 ueritate
554 1350 643 1396 uana
665 1333 752 1397 omni
774 1330 872 1396 modo
894 1332 997 1414 atquc
1020 1328 1192 1412 perplexa.
1251 1334 1256 1340 “

265 1487 394 1575 Quibus
426 1489 614 1574 perspectis
640 1490 799 1574 reliquum
833 1492 902 1575 est,
936 1490 974 1552 ut
1003 1486 1045 1551 dc
1074 1488 1182 1551 altera
1209 1485 1267 1549 illa

202 1612 358 1677 lectionis
379 1613 561 1699 uarietate,
594 1626 690 1697 quam
717 1612 753 1675 in
780 1609 970 1676 exhibendo
992 1608 1057 1674 loci
1080 1608 1187 1672 nostrl
1209 1609 1267 1671 tc-

202 1751 286 1797 nore
307 1733 574 1821 subnotauimus,
596 1731 819 1816 dispiciamus.

265 1891 340 1958 Nec
361 1892 467 1981 longa
488 1893 551 1956 erit
574 1909 614 1957 aa
636 1890 830 1975 disputatio.

267 2048 400 2135 Quippe
413 2051 590 2116 lectionem
605 2050 824 2117 satisdareut
841 2047 922 2115 nihil
937 2067 1013 2115 esse
1027 2049 1091 2114 nisi
1107 2048 1269 2132 mendum,

203 2172 292 2237 inter
313 2191 428 2238 omnes
448 2171 583 2241 uidetur
604 2180 761 2239 constare
773 2164 820 2251 ⁵¹).

266 2326 470 2397 Coniectura
497 2334 608 2395 autem
634 2331 830 2398 salisatores
858 2330 974 2396 eodem
998 2350 1137 2416 prorsus
1159 2332 1269 2415 pretio

204 2444 434 2517 aestimabitur
455 2456 555 2536 atque
578 2453 686 2516 altera
716 2452 791 2539 illa,
822 2453 874 2518 cui
904 2452 1073 2518 corollarii
1103 2451 1178 2516 loco
1207 2470 1270 2518 ac-

205 2576 324 2639 cessit:
347 2574 573 2639 coniecturam
589 2571 664 2638 dico
678 2571 857 2659 tubeborc,
871 2572 997 2660 ualida,
1014 2574 1150 2657 opinor,
1172 2571 1269 2637 mollo

204 2695 382 2779 repulsam.

268 2850 364 2934 Quae
393 2856 592 2940 supersunt,
625 2853 783 2918 uidelicet
815 2852 1010 2919 antistaret
1042 2856 1077 2918 ct
1109 2853 1269 2919 satisda-

205 2979 327 3065 ratur,¹
356 2976 423 3039 tam
452 2991 555 3039 sensu
583 2993 680 3060 quam
712 2975 830 3041 critica
861 2976 1064 3041 auctoritate
1095 2977 1269 3060 utrumque

206 3098 321 3180 potest
352 3097 556 3183 consistere3
585 3095 732 3182 quodsi
760 3098 929 3181 optionem
957 3096 1033 3162 milri
1062 3096 1270 3182 permiseris,

206 3220 327 3307 eligam
348 3219 551 3284 sattsdurct.

205 3503 230 3538 c.
250 3489 295 3538 20.
311 3493 408 3538 nostro
433 3501 488 3538 non
515 3488 707 3550 reprehendit:
766 3489 870 3539 Naeuio
900 3488 988 3552 potius
1022 3495 1105 3553 atque
1134 3488 1271 3541 Praetoria

206 3578 252 3626 ubi
276 3576 450 3639 reprehendit
473 3572 614 3638 (uidelicet
635 3577 663 3627 in
683 3590 708 3627 c.
766 3577 875 3628 decreto
893 3578 1010 3628 stetisse.

205 3667 249 3714 21.
267 3675 295 3717 u!
322 3671 372 3714 «tu
397 3672 492 3715 contra
515 3666 642 3715 Burrieni
663 3666 711 3728 qui
801 3664 847 3729 51)
866 3665 960 3716 Audax
973 3666 1112 3729 negotium
1125 3665 1207 3717 luerit
1219 3671 1270 3718 sta·

208 3754 359 3803 «iniurium
375 3753 580 3816 necessetate),
601 3767 654 3817 quo
672 3759 711 3805 te·
766 3758 856 3815 tuere,
880 3754 1009 3805 Alienum
1034 3767 1094 3805 cum
1112 3757 1268 3818 aduocatis,

207 3841 391 3903 nominent,
423 3856 513 3906 quoue
535 3843 594 3893 iure
613 3843 711 3893 consti·
766 3842 886 3906 (lenique
911 3856 998 3894 omues
1023 3845 1070 3906 qui
1093 3845 1126 3895 ab
1145 3851 1273 3911 ooporto

207 3932 283 3991 terit,
304 3930 412 3980 silentio
431 3933 574 3994 praeterit,
594 3944 647 3981 nec
665 3946 710 3982 cu·
767 3933 886 3982 adessent
895 3932 1022 3995 intelligi,
1032 3916 1271 3997 eamquepturatu

208 4025 248 4067 rat
277 4019 304 4068 ln
331 4021 490 4070 memoriam
516 4033 656 4070 reuocare.
679 4045 707 4058 -
767 4023 871 4071 numeri
884 4035 1009 4071 caussam
1023 4036 1092 4072 esse.
1109 4046 1138 4056 -
1155 4023 1200 4073 Est
1213 4025 1270 4085 qul·

207 4106 283 4167 Quae
297 4107 391 4156 omnic
403 4113 563 4169 argumento
576 4115 654 4168 aunt,
669 4108 711 4158 ius
767 4110 828 4160 (lem
849 4111 876 4160 ln
895 4112 1019 4161 oratione
1038 4112 1140 4161 mentio
1154 4112 1213 4160 eius
1226 4112 1271 4161 atl-

207 4195 408 4255 saulaumonis,
429 4195 458 4246 in
476 4197 632 4263 alterutram
652 4212 710 4261 par·
768 4200 937 4260 necationis,
956 4206 984 4250 at
1001 4201 1066 4249 satis
1084 4213 1100 4249 a
1116 4205 1207 4249 nostro
1220 4199 1272 4249 hoc

208 4290 262 4333 tem
282 4284 353 4334 haud
376 4283 456 4332 dubie
478 4298 510 4334 ea
535 4300 643 4349 quoque
667 4301 711 4336 ae·
768 4288 828 4339 loco
847 4294 959 4339 remota.
980 4287 1057 4339 Coul.
1078 4301 1102 4337 c.
1122 4287 1149 4338 8.
1168 4288 1212 4336 22.

207 4376 261 4421 tate
280 4376 384 4422 certum
403 4370 541 4435 uulg'oque
561 4379 670 4434 uotum,
695 4388 710 4424 a
