3310 5280
410 501 471 565 178
515 499 610 602 Cup.
637 500 673 574 1.
726 498 787 574 Dc
812 502 904 573 iure
925 522 1086 575 causaue
1115 497 1378 586 Quinctianae.

237 704 386 813 Pffl‘ssss.
407 692 682 782 possidendorum
704 693 836 758 caussis
851 691 953 773 satis,
976 691 1113 775 opinor,
1141 691 1243 754 antea
1268 688 1473 773 disputatum

238 831 289 858 Μ*
406 820 477 904 est,
514 834 555 882 ac
584 833 647 900 pro
677 831 842 880 concesso
877 813 1086 897 probatoque
1130 829 1301 876 assumere
1321 811 1473 896 iicebit,

404 926 578 1028 paenitus
601 937 712 1002 tribou
734 953 776 1000 ne
798 934 842 1001 ab
863 933 1059 999 aduersario
1082 931 1213 1019 quidem
1235 914 1339 1017 premi
1362 930 1474 1013 Quin-

405 1063 504 1128 otium
513 1052 568 1145 16),
603 1062 731 1147 quartu
757 1060 868 1122 autem
895 1057 1001 1119 totum
1022 1054 1095 1119 iere
1117 1053 1271 1120 iudicium
1292 1056 1473 1139 contineri,

405 1182 565 1248 uidelicet
593 1183 630 1244 ut
653 1180 854 1265 quaeratur,
886 1180 981 1243 recte
1003 1174 1181 1257 Quinctius
1202 1175 1327 1242 absens
1349 1175 1472 1242 deien-

406 1324 466 1370 sus
492 1303 595 1368 inerit
623 1319 730 1367 necne
738 1293 785 1378 16).
827 1297 903 1380 Qua
931 1297 975 1364 de
1005 1316 1043 1362 re
1065 1297 1144 1383 quid
1166 1299 1283 1363 tulerit
1303 1298 1356 1363 ius
1377 1315 1473 1364 eom-

405 1443 525 1511 mune‚
561 1422 639 1511 quid
668 1424 802 1507 patroni
832 1421 986 1510 egerint,
1024 1418 1103 1505 quid
1135 1418 1237 1485 iudex
1269 1423 1364 1504 sequi
1399 1419 1473 1484 siue

406 1545 560 1613 debuerit
588 1548 661 1610 siue
690 1546 860 1629 potuerit,
893 1545 996 1608 antea
1025 1560 1122 1629 quam
1151 1542 1375 1608 curiosissime
1397 1543 1474 1606 tra-

406 1658 625 1747 etauimus¹⁷).

469 1786 544 1870 Quo
576 1790 604 1854 si
636 1789 778 1853 animum
808 1787 985 1871 retuleris,
1021 1785 1213 1871 expeditius
1245 1787 1336 1872 erit,
1372 1786 1472 1850 eiiam

405 1910 544 1979 secundi
566 1911 654 1996 ioci,
675 1908 719 1974 od
740 1926 836 1995 quem
857 1910 922 1974 iam
938 1907 1179 1975 transeundum
1194 1912 1266 1995 est,
1287 1910 1354 1973 uim
1369 1910 1472 1993 atque

406 2033 560 2100 effectum
582 2031 794 2122 dignoscere.

337 2219 373 2247 n·
471 2189 644 2257 «Etenim
665 2195 697 2257 et
718 2208 765 2256 eu
780 2188 911 2257 Edicto
925 2189 1132 2278 possedisti3
1154 2207 1282 2279 quocro
1298 2208 1361 2255 cor
1380 2188 1472 2253 bono

473 2331 567 2378 «reon
592 2316 785 2401 neroniani,
817 2331 880 2378 cur
909 2315 1042 2377 ouctcri
1070 2329 1253 2397 marmorea
1289 2314 1326 2376 et
1352 2310 1471 2375 credi-

472 2440 588 2501 ·torea
609 2452 680 2499 reon
701 2437 957 2499 coroneracriat)
1107 2521 1110 2527 ι

469 2556 565 2621 Haec
597 2556 821 2644 interroganti
850 2554 958 2620 'ioiiio
967 2547 1004 2632 18)
1037 2550 1126 2618 haud
1157 2551 1325 2619 dubitabis
1352 2553 1471 2619 Naeuii

405 2679 536 2743 nomine
558 2679 592 2740 in
613 2675 702 2743 huno
723 2675 853 2741 modom
876 2674 1091 2761 respondere.

469 2831 628 2923 Constat,
651 2836 896 2921 possessionem
911 2833 1202 2921 uenditionemque
1218 2835 1377 2900 bonorum
1391 2853 1470 2901 cer-

405 2960 449 3022 tis
471 2957 665 3043 quibusdam
695 2954 858 3045 gradibus
887 2954 1052 3041 finitisque
1079 2960 1263 3042 temporum
1284 2957 1404 3042 spatiis
1426 2976 1470 3020 ex

405 3078 517 3145 Edicti
538 3080 646 3145 forma
667 3077 841 3145 celebrari.
897 3076 1041 3142 Primum
1064 3084 1116 3143 est
1128 3124 1138 3162 ,
1173 3080 1210 3141 ut
1233 3076 1471 3164 possideantur

405 3203 494 3268 bona
515 3219 556 3268 ao
577 3201 848 3287 proscribantur,
870 3198 991 3264 deinde
1009 3200 1219 3284 interpositis
1233 3201 1375 3289 triginta
1392 3197 1469 3264 die-

405 3324 469 3390 bus
495 3325 605 3389 soient
637 3322 824 3390 creditores
852 3322 1050 3406 conuocari,
1072 3338 1134 3387 nec
1155 3322 1219 3385 nisi
1242 3321 1316 3405 pari
1341 3319 1465 3386 abhinc

404 3442 530 3508 dierum
553 3462 688 3510 numero
710 3446 828 3530 elapso
850 3442 999 3508 uenditio
1022 3437 1231 3529 procedit19).

468 3565 539 3630 Iam
571 3584 615 3630 ex
644 3565 735 3631 iacto
764 3568 939 3651 conuenit,
975 3568 1079 3652 primo
1109 3567 1221 3630 statim
1242 3564 1367 3655 gradu,
1403 3563 1468 3631 hoc

404 3689 473 3773 est,
495 3707 591 3772 quum
615 3689 751 3771 primum
775 3687 862 3753 bona
884 3686 1141 3772 possiderentur
1157 3705 1198 3754 ac
1213 3688 1469 3773 proscriberen-

405 3811 477 3891 tur,
505 3810 660 3895 iniraque
689 3806 762 3873 dies
783 3809 940 3895 triginta,
970 3827 1040 3874 rem
1067 3811 1107 3879 in,
1132 3812 1381 3875 contentionem
1403 3825 1468 3873 ue·

437 4083 483 4151 15)
498 4088 563 4138 Vide
575 4084 691 4150 supross.
702 4088 729 4135 b·
742 4088 819 4150 pio.
828 4102 904 4152 seqq.
998 4088 1043 4143 18)
1062 4101 1087 4137 c.
1107 4087 1151 4136 23.

438 4172 483 4240 1e)
503 4176 540 4226 ib.
561 4191 588 4240 p.
607 4176 652 4225 iii.
672 4187 747 4238 seqq.
999 4172 1043 4237 19)
1062 4176 1101 4226 De
1119 4189 1153 4225 eo
1172 4175 1231 4225 iure
1249 4174 1313 4226 uide
1332 4187 1413 4239 sopra
1435 4171 1466 4236 §-

438 4262 484 4326 17)
503 4265 540 4313 io.
562 4278 588 4327 p·
608 4264 652 4314 iii.
673 4277 751 4327 seqq.
769 4268 796 4313 et
813 4260 862 4325 §§,
877 4264 903 4313 ⁸1.
963 4264 989 4314 3.
1010 4277 1036 4327 p.
1057 4263 1101 4315 aa.
1120 4277 1194 4328 seqq.

402 4362 428 4419 8·
451 4368 476 4416 p·
494 4352 559 4402 114.
583 4365 659 4415 seqq.
