3310 5280
246 530 284 607 s.
303 520 342 593 9.
373 515 554 617 Defensio
579 521 623 591 in
646 527 779 618 portes
805 521 976 620 locosque
1002 520 1159 622 diposta.
1201 522 1261 584 185

196 710 267 774 sius
298 710 474 788 retulerit,
509 728 570 793 pro
611 707 792 774 decoctore
828 707 1016 790 Quinctium
1058 714 1092 776 et
1130 730 1191 775 sua
1228 713 1262 776 et
1280 719 1430 828 mar:-

195 830 313 896 Naeuii
357 832 564 915 omniumque
606 831 762 914 opinione
798 830 906 895 Roma
941 832 1128 917 protectum
1166 850 1263 916 esse,
1281 839 1320 875 ⁸¹¹¹·

196 950 358 1017 Naeuium
374 954 484 1016 autem
507 951 606 1035 boni,
627 953 816 1036 uigilantis,
838 954 1032 1038 strenuique
1055 954 1262 1039 patrisfami-

196 1074 260 1137 lias
293 1073 402 1138 officio
432 1073 599 1159 iunctum,
635 1076 691 1158 qul
719 1077 848 1138 mature
876 1076 1063 1159 curauerit,
1100 1078 1136 1139 ut
1169 1077 1263 1160 prius

196 1213 253 1258 res
286 1195 461 1262 Gallicana
494 1215 555 1260 suo
585 1197 716 1258 nomine
745 1194 993 1279 possideretur,
1030 1214 1126 1281 quam
1153 1197 1262 1261 omnia

197 1314 388 1401 Quinctius,
420 1320 571 1400 tempore
602 1316 778 1400 spatioque
807 1316 904 1399 dato,
938 1318 1107 1400 turbaret,
1135 1316 1263 1383 distra-

196 1439 308 1526 heret,
344 1438 588 1524 fraudandique
624 1456 745 1504 caussa
786 1437 955 1521 auferret,
992 1438 1135 1524 denique
1173 1438 1263 1525 quod

195 1562 426 1647 possideretur
448 1560 809 1645 praeterquamsolum
832 1558 913 1622 nihil
936 1560 1140 1645 relinqueret
1150 1555 1202 1633 ³⁸).

259 1679 330 1750 Sed
353 1682 437 1747 haec
458 1682 677 1747 incertissima
705 1683 795 1746 sunt,
838 1679 889 1745 De
912 1687 1031 1766 quarto
1053 1683 1164 1746 autem
1184 1682 1262 1747 loco

199 1807 293 1870 satis.

259 1962 386 2027 Restat
414 1964 565 2048 quintus,
598 1962 653 2047 qui
683 1959 771 2026 hanc
794 1962 956 2025 orationis
978 1964 1106 2046 partem
1128 1962 1262 2027 claudit.
1280 1964 1429 2063 wipo-rui·-

262 2081 468 2173 «Numquid
488 2088 542 2150 est
564 2102 728 2167 caussae,
749 2084 798 2149 sic
820 2085 868 2147 ait
890 2078 1031 2169 Cicero,
1055 2080 1095 2148 0.
1117 2081 1261 2174 Aquini,

200 2209 327 2294 «patra,
348 2210 380 2271 st
401 2206 499 2292 loupe
522 2205 627 2271 aliter
647 2206 803 2292 possedit
824 2223 928 2293 quom
944 2202 1105 2271 *Praetor
1126 2206 1240 2283 edisti
1251 2256 1261 2294 ,

200 2331 292 2393 «iste
315 2346 362 2392 es
383 2325 515 2392 Edicto
536 2346 606 2392 uon
627 2324 875 2413 posscdenttt'i

259 2448 300 2514 ld
336 2468 417 2514 uero
447 2451 625 2514 uerborum
653 2468 737 2513 sono
765 2449 850 2512 satis
878 2449 1083 2534 speciosum,
1118 2448 1262 2512 ueritate

197 2575 298 2656 atque
326 2573 397 2635 iure
427 2570 529 2633 nihilo
558 2585 631 2634 mea
652 2570 821 2634 sententia
845 2563 1035 2642 ualidius³⁹)
1059 2586 1155 2653 quam
1178 2586 1263 2653 quae

200 2695 301 2756 antea
321 2691 513 2776 repulimus.

262 2812 432 2878 Deiecerit
460 2828 542 2875 saue
570 2807 759 2891 Quinctium
782 2812 816 2875 in
838 2810 950 2878 Gaiiia
972 2811 1123 2877 Naeuius
1144 2815 1264 2876 contra

199 2952 294 3021 quam
326 2933 448 2999 Edicto
477 2932 650 2998 Praetoris
678 2935 832 2997 uetatur:
869 2950 1009 3017 poenam
1037 2931 1178 2996 daturus
1210 2936 1262 2997 est

198 3059 256 3121 aut
291 3056 357 3121 alia
388 3057 469 3120 iuris
497 3056 620 3140 publici
649 3056 815 3138 priuatiue
844 3054 1049 3120 incommoda
1082 3074 1261 3141 passurus,

198 3196 262 3243 nec
295 3180 405 3242 tamen
434 3180 615 3262 propterea
648 3176 748 3241 desiit
781 3178 867 3241 bona
897 3173 1046 3257 Quinctii
1074 3194 1117 3241 ex
1141 3176 1262 3242 Edicto

199 3297 383 3385 possidere.
440 3294 610 3384 Siquidem
632 3301 670 3362 ut
692 3296 735 3363 ad
759 3299 929 3363 formulam
953 3298 1082 3382 Edicti,
1112 3317 1197 3383 quae
1219 3297 1262 3363 de

197 3419 418 3486 satisdatione
450 3423 518 3503 est,
555 3423 656 3505 atque
685 3419 729 3485 ad
755 3421 946 3505 sponsionis
967 3423 1117 3513 tenorem
1139 3419 1263 3485 redea-

198 3538 338 3628 mus⁴⁰),
376 3544 425 3608 sic
454 3542 625 3622 existimo,
664 3544 698 3606 et
727 3541 900 3607 Praetoris
922 3542 1091 3606 sententia
1113 3543 1147 3606 et
1169 3542 1263 3626 peri-

200 3666 307 3727 torum
338 3663 617 3748 interpretatione
647 3666 682 3727 et
717 3663 840 3727 usitato
872 3664 1035 3727 sermonis
1063 3681 1189 3752 genere
1218 3681 1262 3728 eo

234 3920 280 3980 38)
299 3921 472 3973 Nimirumde
482 3921 600 3984 Quinctii
612 3922 667 3971 uita
675 3927 702 3972 et
758 3921 1260 3985 sitatocaecumcupiditate...inisse»

200 4009 321 4058 moribus
334 4009 414 4071 louge
431 4011 510 4060 aliter
527 4010 701 4061 Hortensium
757 4011 807 4060 rei.
834 4008 913 4062 (loni.
929 4025 977 4074 pro
991 4011 1023 4074 Q.
1039 4013 1135 4065 Roscio
1154 4026 1178 4062 c.
1192 4013 1218 4061 6.

199 4097 299 4147 dixisse
317 4110 400 4160 quam
418 4098 452 4148 da
464 4098 497 4161 Q.
517 4099 607 4149 Roscii
625 4100 701 4150 Satu-
792 4099 838 4159 39)
857 4094 998 4150 Consentit
1019 4115 1126 4152 mecum
1145 4100 1262 4151 motans

202 4185 286 4245 rium,
301 4197 332 4235 er
347 4197 371 4233 c.
387 4184 431 4233 26.
447 4186 621 4250 intelligitur:
642 4187 704 4239 «De
760 4189 793 4239 ad
813 4203 836 4239 o.
857 4188 902 4239 26.
921 4204 948 4254 p.
967 4189 1029 4241 587.

202 4274 381 4334 «estnequam
393 4272 452 4321 nito
466 4277 496 4322 tn
509 4274 593 4326 dicere
613 4278 702 4331 audem
793 4273 927 4342 io)v1da
952 4292 977 4329 c.
1008 4279 1035 4329 8.
1063 4278 1107 4329 27.
1136 4281 1162 4327 et
1181 4287 1260 4337 supra

202 4364 269 4426 «qui
288 4362 339 4413 hoc
363 4361 496 4412 concedas
514 4376 626 4414 necesso
644 4372 702 4427 est,
760 4363 788 4429 5,
808 4369 833 4417 1.
854 4382 880 4431 p·
900 4368 927 4418 i.
946 4365 992 4417 27.
