<?xml version="1.0" encoding="UTF-8"?>
<!DOCTYPE html PUBLIC "-//W3C//DTD XHTML 1.0 Transitional//EN"
    "http://www.w3.org/TR/xhtml1/DTD/xhtml1-transitional.dtd">
<html xmlns="http://www.w3.org/1999/xhtml" xml:lang="en" lang="en">
 <head>
  <title>
</title>
<meta http-equiv="Content-Type" content="text/html;charset=utf-8" />
  <meta name='ocr-system' content='tesseract 3.04.00' />
  <meta name='ocr-capabilities' content='ocr_page ocr_carea ocr_par ocr_line ocrx_word'/>
</head>
<body>
  <div class='ocr_page' id='page_1' title='image "./semestriumadmtu01kellgoog_0183.png"; bbox 0 0 3352 5276; ppageno 0'>
   <div class='ocr_carea' id='block_1_1' title="bbox 422 498 1391 602">
    <p class='ocr_par' dir='ltr' id='par_1_1' title="bbox 422 498 1391 602">
     <span class='ocr_line' id='line_1_1' title="bbox 422 498 1391 602; baseline 0.017 -38"><span class='ocrx_word' id='word_1_1' title='bbox 422 503 483 565; x_wconf 78' lang='lat' dir='ltr'>iot</span> <span class='ocrx_word' id='word_1_2' title='bbox 528 499 622 602; x_wconf 84' lang='lat' dir='ltr'>Cup.</span> <span class='ocrx_word' id='word_1_3' title='bbox 649 501 684 574; x_wconf 92' lang='grc' dir='ltr'>Ι.</span> <span class='ocrx_word' id='word_1_4' title='bbox 737 498 798 574; x_wconf 86' lang='lat' dir='ltr'>De</span> <span class='ocrx_word' id='word_1_5' title='bbox 823 503 909 574; x_wconf 79' lang='lat' dir='ltr'>tetre</span> <span class='ocrx_word' id='word_1_6' title='bbox 935 523 1096 575; x_wconf 76' lang='lat' dir='ltr'><strong><em>caussae</em></strong></span> <span class='ocrx_word' id='word_1_7' title='bbox 1126 499 1391 588; x_wconf 77' lang='lat' dir='ltr'>Quinctianae.</span> 
     </span>
    </p>
   </div>
   <div class='ocr_carea' id='block_1_2' title="bbox 241 687 1484 778">
    <p class='ocr_par' dir='ltr' id='par_1_2' title="bbox 241 687 1484 778">
     <span class='ocr_line' id='line_1_2' title="bbox 241 687 1484 778; baseline 0.006 -25"><span class='ocrx_word' id='word_1_8' title='bbox 241 692 385 746; x_wconf 67' lang='lat' dir='ltr'>“renni-¹»</span> <span class='ocrx_word' id='word_1_9' title='bbox 418 692 647 776; x_wconf 77' lang='lat' dir='ltr'>procuratoris</span> <span class='ocrx_word' id='word_1_10' title='bbox 669 693 703 753; x_wconf 84' lang='lat' dir='ltr'>ut</span> <span class='ocrx_word' id='word_1_11' title='bbox 725 694 759 755; x_wconf 88' lang='lat' dir='ltr'>et</span> <span class='ocrx_word' id='word_1_12' title='bbox 781 692 910 778; x_wconf 81' lang='lat' dir='ltr'>gratia,</span> <span class='ocrx_word' id='word_1_13' title='bbox 931 687 981 755; x_wconf 91' lang='grc' dir='ltr'>Μ.</span> <span class='ocrx_word' id='word_1_14' title='bbox 1004 690 1101 754; x_wconf 90' lang='lat' dir='ltr'>Bruti</span> <span class='ocrx_word' id='word_1_15' title='bbox 1122 693 1303 758; x_wconf 86' lang='lat' dir='ltr'>aliorumue</span> <span class='ocrx_word' id='word_1_16' title='bbox 1327 696 1484 761; x_wconf 88' lang='lat' dir='ltr'>tribuno-</span> 
     </span>
    </p>
   </div>
   <div class='ocr_carea' id='block_1_3' title="bbox 252 765 380 919">
    <p class='ocr_par' dir='ltr' id='par_1_3' title="bbox 252 765 380 919">
     <span class='ocr_line' id='line_1_3' title="bbox 252 765 380 814; baseline -0.023 -10"><span class='ocrx_word' id='word_1_17' title='bbox 252 765 329 804; x_wconf 65' lang='lat' dir='ltr'>Alieno</span> <span class='ocrx_word' id='word_1_18' title='bbox 342 775 380 814; x_wconf 78' lang='lat' dir='ltr'>ap·</span> 
     </span>
     <span class='ocr_line' id='line_1_4' title="bbox 252 821 331 874; baseline -0.013 -14"><span class='ocrx_word' id='word_1_19' title='bbox 252 821 331 874; x_wconf 71' lang='lat' dir='ltr'>pollam</span> 
     </span>
     <span class='ocr_line' id='line_1_5' title="bbox 260 879 341 919; baseline -0.012 0"><span class='ocrx_word' id='word_1_20' title='bbox 260 879 341 919; x_wconf 70' lang='lat' dir='ltr'>laicus.</span> 
     </span>
    </p>
   </div>
   <div class='ocr_carea' id='block_1_4' title="bbox 414 812 1485 3572">
    <p class='ocr_par' dir='ltr' id='par_1_4' title="bbox 417 812 1485 1980">
     <span class='ocr_line' id='line_1_6' title="bbox 417 812 1485 899; baseline 0.002 -21"><span class='ocrx_word' id='word_1_21' title='bbox 417 832 488 878; x_wconf 88' lang='lat' dir='ltr'>rum</span> <span class='ocrx_word' id='word_1_22' title='bbox 511 814 777 897; x_wconf 80' lang='lat' dir='ltr'>importunitate,</span> <span class='ocrx_word' id='word_1_23' title='bbox 806 813 943 899; x_wconf 86' lang='lat' dir='ltr'>inlurta,</span> <span class='ocrx_word' id='word_1_24' title='bbox 966 812 1083 899; x_wconf 87' lang='lat' dir='ltr'>minis,</span> <span class='ocrx_word' id='word_1_25' title='bbox 1107 814 1241 899; x_wconf 86' lang='lat' dir='ltr'>iniquae</span> <span class='ocrx_word' id='word_1_26' title='bbox 1262 816 1485 883; x_wconf 87' lang='lat' dir='ltr'>intercessio-</span> 
     </span>
     <span class='ocr_line' id='line_1_7' title="bbox 417 933 1485 1018; baseline 0.004 -19"><span class='ocrx_word' id='word_1_27' title='bbox 417 937 471 1000; x_wconf 91' lang='lat' dir='ltr'>nis</span> <span class='ocrx_word' id='word_1_28' title='bbox 499 936 588 999; x_wconf 87' lang='lat' dir='ltr'>metu</span> <span class='ocrx_word' id='word_1_29' title='bbox 621 937 832 1017; x_wconf 91' lang='lat' dir='ltr'>perterritum</span> <span class='ocrx_word' id='word_1_30' title='bbox 859 939 1077 1018; x_wconf 86' lang='lat' dir='ltr'>coactumque</span> <span class='ocrx_word' id='word_1_31' title='bbox 1099 933 1320 1001; x_wconf 87' lang='lat' dir='ltr'>uadimonium</span> <span class='ocrx_word' id='word_1_32' title='bbox 1343 942 1485 1003; x_wconf 89' lang='lat' dir='ltr'>contra-</span> 
     </span>
     <span class='ocr_line' id='line_1_8' title="bbox 417 1049 1483 1145; baseline 0.001 -23"><span class='ocrx_word' id='word_1_33' title='bbox 417 1049 576 1140; x_wconf 77' lang='lat' dir='ltr'>xissc³⁹),</span> <span class='ocrx_word' id='word_1_34' title='bbox 608 1056 650 1121; x_wconf 91' lang='lat' dir='ltr'>de</span> <span class='ocrx_word' id='word_1_35' title='bbox 678 1056 749 1120; x_wconf 91' lang='lat' dir='ltr'>iure</span> <span class='ocrx_word' id='word_1_36' title='bbox 779 1054 1013 1139; x_wconf 86' lang='lat' dir='ltr'>prosequendo</span> <span class='ocrx_word' id='word_1_37' title='bbox 1036 1055 1298 1145; x_wconf 81' lang='lat' dir='ltr'>peragendaque</span> <span class='ocrx_word' id='word_1_38' title='bbox 1321 1060 1483 1124; x_wconf 88' lang='lat' dir='ltr'>bonorum</span> 
     </span>
     <span class='ocr_line' id='line_1_9' title="bbox 418 1177 1484 1270; baseline 0.001 -27"><span class='ocrx_word' id='word_1_39' title='bbox 418 1177 610 1270; x_wconf 85' lang='lat' dir='ltr'>uenditione</span> <span class='ocrx_word' id='word_1_40' title='bbox 637 1180 803 1261; x_wconf 77' lang='lat' dir='ltr'>tantisper</span> <span class='ocrx_word' id='word_1_41' title='bbox 829 1178 1013 1259; x_wconf 82' lang='lat' dir='ltr'>remisisse,</span> <span class='ocrx_word' id='word_1_42' title='bbox 1043 1180 1218 1267; x_wconf 79' lang='lat' dir='ltr'>quomagis</span> <span class='ocrx_word' id='word_1_43' title='bbox 1239 1182 1350 1263; x_wconf 88' lang='lat' dir='ltr'>sopita</span> <span class='ocrx_word' id='word_1_44' title='bbox 1372 1182 1484 1246; x_wconf 86' lang='lat' dir='ltr'>tribu-</span> 
     </span>
     <span class='ocr_line' id='line_1_10' title="bbox 418 1300 1484 1388; baseline 0.001 -23"><span class='ocrx_word' id='word_1_45' title='bbox 418 1320 533 1365; x_wconf 91' lang='lat' dir='ltr'>norum</span> <span class='ocrx_word' id='word_1_46' title='bbox 563 1301 804 1365; x_wconf 83' lang='lat' dir='ltr'>intercessione</span> <span class='ocrx_word' id='word_1_47' title='bbox 833 1300 1083 1382; x_wconf 89' lang='lat' dir='ltr'>possessionem</span> <span class='ocrx_word' id='word_1_48' title='bbox 1106 1300 1242 1388; x_wconf 86' lang='lat' dir='ltr'>saitem,</span> <span class='ocrx_word' id='word_1_49' title='bbox 1271 1302 1343 1367; x_wconf 90' lang='lat' dir='ltr'>inre</span> <span class='ocrx_word' id='word_1_50' title='bbox 1374 1302 1484 1386; x_wconf 90' lang='lat' dir='ltr'>impe-</span> 
     </span>
     <span class='ocr_line' id='line_1_11' title="bbox 418 1419 1484 1509; baseline 0.003 -23"><span class='ocrx_word' id='word_1_51' title='bbox 418 1426 555 1507; x_wconf 83' lang='lat' dir='ltr'>tratam,</span> <span class='ocrx_word' id='word_1_52' title='bbox 589 1422 657 1487; x_wconf 89' lang='lat' dir='ltr'>sibi</span> <span class='ocrx_word' id='word_1_53' title='bbox 674 1426 905 1486; x_wconf 87' lang='lat' dir='ltr'>conseruaret:</span> <span class='ocrx_word' id='word_1_54' title='bbox 942 1419 1084 1505; x_wconf 81' lang='lat' dir='ltr'>denique</span> <span class='ocrx_word' id='word_1_55' title='bbox 1106 1423 1213 1486; x_wconf 90' lang='lat' dir='ltr'>satius</span> <span class='ocrx_word' id='word_1_56' title='bbox 1234 1421 1392 1509; x_wconf 86' lang='lat' dir='ltr'>duxisse,</span> <span class='ocrx_word' id='word_1_57' title='bbox 1422 1442 1484 1489; x_wconf 91' lang='lat' dir='ltr'>re-</span> 
     </span>
     <span class='ocr_line' id='line_1_12' title="bbox 417 1541 1483 1629; baseline 0.001 -20"><span class='ocrx_word' id='word_1_58' title='bbox 417 1545 551 1609; x_wconf 89' lang='lat' dir='ltr'>tardata</span> <span class='ocrx_word' id='word_1_59' title='bbox 572 1541 765 1608; x_wconf 84' lang='lat' dir='ltr'>uenditione</span> <span class='ocrx_word' id='word_1_60' title='bbox 787 1542 1034 1626; x_wconf 89' lang='lat' dir='ltr'>possessionem</span> <span class='ocrx_word' id='word_1_61' title='bbox 1050 1543 1177 1606; x_wconf 79' lang='lat' dir='ltr'>saluam</span> <span class='ocrx_word' id='word_1_62' title='bbox 1192 1548 1251 1607; x_wconf 91' lang='lat' dir='ltr'>aut</span> <span class='ocrx_word' id='word_1_63' title='bbox 1267 1545 1301 1608; x_wconf 92' lang='lat' dir='ltr'>in</span> <span class='ocrx_word' id='word_1_64' title='bbox 1316 1563 1483 1629; x_wconf 89' lang='lat' dir='ltr'>suspenso</span> 
     </span>
     <span class='ocr_line' id='line_1_13' title="bbox 417 1663 1483 1749; baseline 0.001 -18"><span class='ocrx_word' id='word_1_65' title='bbox 417 1671 527 1731; x_wconf 89' lang='lat' dir='ltr'>tamen</span> <span class='ocrx_word' id='word_1_66' title='bbox 542 1666 704 1747; x_wconf 89' lang='lat' dir='ltr'>retinere,</span> <span class='ocrx_word' id='word_1_67' title='bbox 739 1682 834 1748; x_wconf 87' lang='lat' dir='ltr'>quam</span> <span class='ocrx_word' id='word_1_68' title='bbox 866 1680 951 1749; x_wconf 88' lang='lat' dir='ltr'>quae</span> <span class='ocrx_word' id='word_1_69' title='bbox 979 1663 1150 1729; x_wconf 87' lang='lat' dir='ltr'>laborlosa</span> <span class='ocrx_word' id='word_1_70' title='bbox 1179 1666 1396 1732; x_wconf 81' lang='lat' dir='ltr'>contentione</span> <span class='ocrx_word' id='word_1_71' title='bbox 1441 1684 1483 1732; x_wconf 87' lang='lat' dir='ltr'>ae</span> 
     </span>
     <span class='ocr_line' id='line_1_14' title="bbox 417 1783 1483 1873; baseline -0.001 -20"><span class='ocrx_word' id='word_1_72' title='bbox 417 1787 591 1853; x_wconf 87' lang='lat' dir='ltr'>Praetoris</span> <span class='ocrx_word' id='word_1_73' title='bbox 627 1788 755 1851; x_wconf 86' lang='lat' dir='ltr'>institia</span> <span class='ocrx_word' id='word_1_74' title='bbox 783 1783 892 1850; x_wconf 87' lang='lat' dir='ltr'>adhuc</span> <span class='ocrx_word' id='word_1_75' title='bbox 922 1788 1117 1869; x_wconf 84' lang='lat' dir='ltr'>comparata</span> <span class='ocrx_word' id='word_1_76' title='bbox 1150 1789 1281 1873; x_wconf 88' lang='lat' dir='ltr'>essent,</span> <span class='ocrx_word' id='word_1_77' title='bbox 1316 1807 1383 1853; x_wconf 91' lang='lat' dir='ltr'>uno</span> <span class='ocrx_word' id='word_1_78' title='bbox 1413 1790 1483 1854; x_wconf 88' lang='lat' dir='ltr'>ictu</span> 
     </span>
     <span class='ocr_line' id='line_1_15' title="bbox 417 1902 759 1980; baseline -0.012 -6"><span class='ocrx_word' id='word_1_79' title='bbox 417 1911 526 1974; x_wconf 88' lang='lat' dir='ltr'>omnia</span> <span class='ocrx_word' id='word_1_80' title='bbox 548 1902 759 1980; x_wconf 52' lang='lat' dir='ltr'>amittere‘w).</span> 
     </span>
    </p>

    <p class='ocr_par' dir='ltr' id='par_1_5' title="bbox 414 2028 1484 3189">
     <span class='ocr_line' id='line_1_16' title="bbox 480 2028 1483 2114; baseline -0.002 -20"><span class='ocrx_word' id='word_1_81' title='bbox 480 2028 575 2112; x_wconf 79' lang='lat' dir='ltr'>Quae</span> <span class='ocrx_word' id='word_1_82' title='bbox 598 2048 699 2114; x_wconf 94' lang='lat' dir='ltr'>porro</span> <span class='ocrx_word' id='word_1_83' title='bbox 721 2030 844 2094; x_wconf 86' lang='lat' dir='ltr'>tribuni</span> <span class='ocrx_word' id='word_1_84' title='bbox 869 2029 911 2113; x_wconf 86' lang='lat' dir='ltr'>pt.</span> <span class='ocrx_word' id='word_1_85' title='bbox 933 2030 1031 2095; x_wconf 85' lang='lat' dir='ltr'>unius</span> <span class='ocrx_word' id='word_1_86' title='bbox 1059 2030 1244 2114; x_wconf 86' lang='lat' dir='ltr'>piurinmue</span> <span class='ocrx_word' id='word_1_87' title='bbox 1265 2031 1483 2113; x_wconf 80' lang='lat' dir='ltr'>intercessio,</span> 
     </span>
     <span class='ocr_line' id='line_1_17' title="bbox 417 2150 1483 2235; baseline -0.002 -18"><span class='ocrx_word' id='word_1_88' title='bbox 417 2152 545 2217; x_wconf 91' lang='lat' dir='ltr'>etiamst</span> <span class='ocrx_word' id='word_1_89' title='bbox 563 2169 685 2235; x_wconf 89' lang='lat' dir='ltr'>reapse</span> <span class='ocrx_word' id='word_1_90' title='bbox 707 2152 859 2216; x_wconf 89' lang='lat' dir='ltr'>insecuta</span> <span class='ocrx_word' id='word_1_91' title='bbox 881 2150 1016 2233; x_wconf 86' lang='lat' dir='ltr'>fuisset,</span> <span class='ocrx_word' id='word_1_92' title='bbox 1038 2150 1123 2217; x_wconf 91' lang='lat' dir='ltr'>adeo</span> <span class='ocrx_word' id='word_1_93' title='bbox 1146 2152 1271 2216; x_wconf 87' lang='lat' dir='ltr'>iniusta</span> <span class='ocrx_word' id='word_1_94' title='bbox 1294 2154 1395 2234; x_wconf 84' lang='lat' dir='ltr'>atque</span> <span class='ocrx_word' id='word_1_95' title='bbox 1417 2153 1483 2215; x_wconf 90' lang='lat' dir='ltr'>im-</span> 
     </span>
     <span class='ocr_line' id='line_1_18' title="bbox 417 2271 1484 2357; baseline -0.001 -20"><span class='ocrx_word' id='word_1_96' title='bbox 417 2274 522 2357; x_wconf 89' lang='lat' dir='ltr'>proba</span> <span class='ocrx_word' id='word_1_97' title='bbox 550 2271 738 2355; x_wconf 86' lang='lat' dir='ltr'>uideretur,</span> <span class='ocrx_word' id='word_1_98' title='bbox 769 2274 806 2335; x_wconf 88' lang='lat' dir='ltr'>ut</span> <span class='ocrx_word' id='word_1_99' title='bbox 833 2290 895 2356; x_wconf 90' lang='lat' dir='ltr'>per</span> <span class='ocrx_word' id='word_1_100' title='bbox 925 2290 997 2337; x_wconf 87' lang='lat' dir='ltr'>eam</span> <span class='ocrx_word' id='word_1_101' title='bbox 1027 2291 1089 2339; x_wconf 89' lang='lat' dir='ltr'>nec</span> <span class='ocrx_word' id='word_1_102' title='bbox 1117 2271 1290 2338; x_wconf 83' lang='lat' dir='ltr'>Praetoris</span> <span class='ocrx_word' id='word_1_103' title='bbox 1312 2271 1355 2338; x_wconf 90' lang='lat' dir='ltr'>de</span> <span class='ocrx_word' id='word_1_104' title='bbox 1376 2274 1484 2337; x_wconf 89' lang='lat' dir='ltr'>satis-</span> 
     </span>
     <span class='ocr_line' id='line_1_19' title="bbox 417 2392 1484 2481; baseline -0.001 -22"><span class='ocrx_word' id='word_1_105' title='bbox 417 2392 528 2459; x_wconf 88' lang='lat' dir='ltr'>dando</span> <span class='ocrx_word' id='word_1_106' title='bbox 566 2393 735 2460; x_wconf 89' lang='lat' dir='ltr'>decretum</span> <span class='ocrx_word' id='word_1_107' title='bbox 770 2392 1006 2481; x_wconf 86' lang='lat' dir='ltr'>infirmaretur,</span> <span class='ocrx_word' id='word_1_108' title='bbox 1040 2412 1104 2460; x_wconf 87' lang='lat' dir='ltr'>nce</span> <span class='ocrx_word' id='word_1_109' title='bbox 1139 2393 1292 2460; x_wconf 78' lang='lat' dir='ltr'>defensio</span> <span class='ocrx_word' id='word_1_110' title='bbox 1325 2393 1484 2458; x_wconf 88' lang='lat' dir='ltr'>inidonea</span> 
     </span>
     <span class='ocr_line' id='line_1_20' title="bbox 416 2511 1483 2602; baseline -0.002 -20"><span class='ocrx_word' id='word_1_111' title='bbox 416 2517 628 2602; x_wconf 84' lang='lat' dir='ltr'>expleretur,</span> <span class='ocrx_word' id='word_1_112' title='bbox 649 2533 712 2581; x_wconf 90' lang='lat' dir='ltr'>nec</span> <span class='ocrx_word' id='word_1_113' title='bbox 731 2517 902 2599; x_wconf 87' lang='lat' dir='ltr'>possessio</span> <span class='ocrx_word' id='word_1_114' title='bbox 917 2516 1077 2580; x_wconf 88' lang='lat' dir='ltr'>bonorum</span> <span class='ocrx_word' id='word_1_115' title='bbox 1100 2517 1171 2581; x_wconf 87' lang='lat' dir='ltr'>ture</span> <span class='ocrx_word' id='word_1_116' title='bbox 1187 2511 1483 2600; x_wconf 58' lang='lat' dir='ltr'>dispelleretur‘fl),</span> 
     </span>
     <span class='ocr_line' id='line_1_21' title="bbox 415 2636 1483 2723; baseline -0.001 -20"><span class='ocrx_word' id='word_1_117' title='bbox 415 2657 487 2704; x_wconf 89' lang='lat' dir='ltr'>eam</span> <span class='ocrx_word' id='word_1_118' title='bbox 509 2657 609 2723; x_wconf 89' lang='lat' dir='ltr'>uero,</span> <span class='ocrx_word' id='word_1_119' title='bbox 646 2639 693 2701; x_wconf 91' lang='lat' dir='ltr'>uti</span> <span class='ocrx_word' id='word_1_120' title='bbox 723 2655 811 2703; x_wconf 90' lang='lat' dir='ltr'>nunc</span> <span class='ocrx_word' id='word_1_121' title='bbox 833 2640 942 2720; x_wconf 88' lang='lat' dir='ltr'>esset,</span> <span class='ocrx_word' id='word_1_122' title='bbox 977 2655 1019 2704; x_wconf 88' lang='lat' dir='ltr'>ne</span> <span class='ocrx_word' id='word_1_123' title='bbox 1048 2640 1176 2702; x_wconf 87' lang='lat' dir='ltr'>tantum</span> <span class='ocrx_word' id='word_1_124' title='bbox 1199 2636 1329 2723; x_wconf 87' lang='lat' dir='ltr'>quidem</span> <span class='ocrx_word' id='word_1_125' title='bbox 1351 2638 1483 2722; x_wconf 88' lang='lat' dir='ltr'>ualere,</span> 
     </span>
     <span class='ocr_line' id='line_1_22' title="bbox 415 2758 1484 2846; baseline -0.002 -22"><span class='ocrx_word' id='word_1_126' title='bbox 415 2764 469 2846; x_wconf 87' lang='lat' dir='ltr'>ut,</span> <span class='ocrx_word' id='word_1_127' title='bbox 503 2758 592 2845; x_wconf 86' lang='lat' dir='ltr'>qnod</span> <span class='ocrx_word' id='word_1_128' title='bbox 615 2760 657 2824; x_wconf 89' lang='lat' dir='ltr'>ob</span> <span class='ocrx_word' id='word_1_129' title='bbox 679 2761 776 2823; x_wconf 86' lang='lat' dir='ltr'>istius</span> <span class='ocrx_word' id='word_1_130' title='bbox 797 2758 1048 2824; x_wconf 87' lang='lat' dir='ltr'>intercessionis</span> <span class='ocrx_word' id='word_1_131' title='bbox 1069 2762 1190 2823; x_wconf 86' lang='lat' dir='ltr'>lustum</span> <span class='ocrx_word' id='word_1_132' title='bbox 1212 2764 1333 2825; x_wconf 88' lang='lat' dir='ltr'>metum</span> <span class='ocrx_word' id='word_1_133' title='bbox 1355 2760 1484 2823; x_wconf 91' lang='lat' dir='ltr'>inuitus</span> 
     </span>
     <span class='ocr_line' id='line_1_23' title="bbox 414 2879 1483 2970; baseline -0.002 -24"><span class='ocrx_word' id='word_1_134' title='bbox 414 2886 516 2967; x_wconf 86' lang='lat' dir='ltr'>atque</span> <span class='ocrx_word' id='word_1_135' title='bbox 537 2883 694 2970; x_wconf 79' lang='lat' dir='ltr'>ingratiis</span> <span class='ocrx_word' id='word_1_136' title='bbox 714 2879 863 2945; x_wconf 89' lang='lat' dir='ltr'>Naeuius</span> <span class='ocrx_word' id='word_1_137' title='bbox 885 2898 959 2946; x_wconf 89' lang='lat' dir='ltr'>cum</span> <span class='ocrx_word' id='word_1_138' title='bbox 987 2880 1114 2945; x_wconf 83' lang='lat' dir='ltr'>Alfeno</span> <span class='ocrx_word' id='word_1_139' title='bbox 1144 2880 1364 2946; x_wconf 85' lang='lat' dir='ltr'>uadimonium</span> <span class='ocrx_word' id='word_1_140' title='bbox 1394 2898 1483 2946; x_wconf 88' lang='lat' dir='ltr'>con-</span> 
     </span>
     <span class='ocr_line' id='line_1_24' title="bbox 415 2999 1482 3088; baseline -0.002 -21"><span class='ocrx_word' id='word_1_141' title='bbox 415 3005 595 3088; x_wconf 84' lang='lat' dir='ltr'>traxisset,</span> <span class='ocrx_word' id='word_1_142' title='bbox 630 3001 664 3066; x_wconf 85' lang='lat' dir='ltr'>id</span> <span class='ocrx_word' id='word_1_143' title='bbox 697 3020 759 3086; x_wconf 95' lang='lat' dir='ltr'>pro</span> <span class='ocrx_word' id='word_1_144' title='bbox 794 3002 882 3067; x_wconf 90' lang='lat' dir='ltr'>iusta</span> <span class='ocrx_word' id='word_1_145' title='bbox 915 2999 1062 3083; x_wconf 75' lang='lat' dir='ltr'>Qumctii</span> <span class='ocrx_word' id='word_1_146' title='bbox 1098 3003 1250 3068; x_wconf 88' lang='lat' dir='ltr'>absentis</span> <span class='ocrx_word' id='word_1_147' title='bbox 1282 3002 1482 3068; x_wconf 74' lang='lat' dir='ltr'>defensIone</span> 
     </span>
     <span class='ocr_line' id='line_1_25' title="bbox 415 3125 657 3189; baseline -0.012 0"><span class='ocrx_word' id='word_1_148' title='bbox 415 3125 657 3189; x_wconf 89' lang='lat' dir='ltr'>aestimaretur.</span> 
     </span>
    </p>

    <p class='ocr_par' dir='ltr' id='par_1_6' title="bbox 415 3242 1480 3572">
     <span class='ocr_line' id='line_1_26' title="bbox 479 3242 1480 3335; baseline 0.002 -27"><span class='ocrx_word' id='word_1_149' title='bbox 479 3242 554 3326; x_wconf 78' lang='lat' dir='ltr'>Quo</span> <span class='ocrx_word' id='word_1_150' title='bbox 582 3246 659 3310; x_wconf 92' lang='lat' dir='ltr'>loco</span> <span class='ocrx_word' id='word_1_151' title='bbox 689 3246 841 3335; x_wconf 85' lang='lat' dir='ltr'>existimo</span> <span class='ocrx_word' id='word_1_152' title='bbox 870 3245 1086 3327; x_wconf 89' lang='lat' dir='ltr'>Hortensium</span> <span class='ocrx_word' id='word_1_153' title='bbox 1115 3247 1217 3335; x_wconf 79' lang='lat' dir='ltr'>longe</span> <span class='ocrx_word' id='word_1_154' title='bbox 1239 3244 1361 3331; x_wconf 86' lang='lat' dir='ltr'>diuque</span> <span class='ocrx_word' id='word_1_155' title='bbox 1382 3264 1480 3312; x_wconf 90' lang='lat' dir='ltr'>com-</span> 
     </span>
     <span class='ocr_line' id='line_1_27' title="bbox 415 3367 1479 3452; baseline 0.002 -22"><span class='ocrx_word' id='word_1_156' title='bbox 415 3370 575 3431; x_wconf 88' lang='lat' dir='ltr'>moratum</span> <span class='ocrx_word' id='word_1_157' title='bbox 611 3384 686 3431; x_wconf 88' lang='lat' dir='ltr'>esse</span> <span class='ocrx_word' id='word_1_158' title='bbox 717 3368 749 3430; x_wconf 89' lang='lat' dir='ltr'>in</span> <span class='ocrx_word' id='word_1_159' title='bbox 773 3367 922 3431; x_wconf 87' lang='lat' dir='ltr'>omnibus</span> <span class='ocrx_word' id='word_1_160' title='bbox 951 3367 1034 3452; x_wconf 87' lang='lat' dir='ltr'>iilis,</span> <span class='ocrx_word' id='word_1_161' title='bbox 1067 3386 1152 3452; x_wconf 86' lang='lat' dir='ltr'>quae</span> <span class='ocrx_word' id='word_1_162' title='bbox 1173 3367 1321 3433; x_wconf 87' lang='lat' dir='ltr'>Alienus</span> <span class='ocrx_word' id='word_1_163' title='bbox 1348 3386 1422 3434; x_wconf 90' lang='lat' dir='ltr'>cum</span> <span class='ocrx_word' id='word_1_164' title='bbox 1444 3369 1479 3432; x_wconf 92' lang='lat' dir='ltr'>in</span> 
     </span>
     <span class='ocr_line' id='line_1_28' title="bbox 415 3486 1480 3572; baseline 0.001 -21"><span class='ocrx_word' id='word_1_165' title='bbox 415 3492 487 3554; x_wconf 91' lang='lat' dir='ltr'>iure</span> <span class='ocrx_word' id='word_1_166' title='bbox 520 3493 588 3552; x_wconf 89' lang='lat' dir='ltr'>tum</span> <span class='ocrx_word' id='word_1_167' title='bbox 616 3486 706 3572; x_wconf 89' lang='lat' dir='ltr'>apud</span> <span class='ocrx_word' id='word_1_168' title='bbox 734 3489 886 3553; x_wconf 89' lang='lat' dir='ltr'>tribunos</span> <span class='ocrx_word' id='word_1_169' title='bbox 915 3489 1024 3571; x_wconf 89' lang='lat' dir='ltr'>plebis</span> <span class='ocrx_word' id='word_1_170' title='bbox 1058 3493 1178 3554; x_wconf 86' lang='lat' dir='ltr'>contra</span> <span class='ocrx_word' id='word_1_171' title='bbox 1212 3489 1294 3554; x_wconf 92' lang='lat' dir='ltr'>iuris</span> <span class='ocrx_word' id='word_1_172' title='bbox 1330 3488 1480 3554; x_wconf 88' lang='lat' dir='ltr'>ordinem</span> 
     </span>
    </p>
   </div>
   <div class='ocr_carea' id='block_1_5' title="bbox 282 3608 1480 3699">
    <p class='ocr_par' dir='ltr' id='par_1_7' title="bbox 282 3608 1480 3699">
     <span class='ocr_line' id='line_1_29' title="bbox 282 3608 1480 3699; baseline -0.001 -24"><span class='ocrx_word' id='word_1_173' title='bbox 282 3626 287 3637; x_wconf 68' lang='grc'><em>“</em></span> <span class='ocrx_word' id='word_1_174' title='bbox 413 3612 625 3677; x_wconf 80' lang='lat' dir='ltr'>turbulenter</span> <span class='ocrx_word' id='word_1_175' title='bbox 639 3629 679 3676; x_wconf 89' lang='lat' dir='ltr'>ac</span> <span class='ocrx_word' id='word_1_176' title='bbox 701 3608 860 3675; x_wconf 89' lang='lat' dir='ltr'>seditiose</span> <span class='ocrx_word' id='word_1_177' title='bbox 883 3612 1029 3699; x_wconf 81' lang='lat' dir='ltr'>egisset,</span> <span class='ocrx_word' id='word_1_178' title='bbox 1051 3613 1243 3696; x_wconf 88' lang='lat' dir='ltr'>quantoque</span> <span class='ocrx_word' id='word_1_179' title='bbox 1258 3629 1400 3677; x_wconf 89' lang='lat' dir='ltr'>caussae</span> <span class='ocrx_word' id='word_1_180' title='bbox 1414 3608 1480 3674; x_wconf 88' lang='lat' dir='ltr'>de-</span> 
     </span>
    </p>
   </div>
   <div class='ocr_carea' id='block_1_6' title="bbox 414 3732 1479 3941">
    <p class='ocr_par' dir='ltr' id='par_1_8' title="bbox 414 3732 1479 3941">
     <span class='ocr_line' id='line_1_30' title="bbox 414 3732 1479 3821; baseline 0 -25"><span class='ocrx_word' id='word_1_181' title='bbox 414 3735 570 3798; x_wconf 87' lang='lat' dir='ltr'>trimento</span> <span class='ocrx_word' id='word_1_182' title='bbox 597 3732 725 3798; x_wconf 87' lang='lat' dir='ltr'>Naeuio</span> <span class='ocrx_word' id='word_1_183' title='bbox 753 3735 873 3797; x_wconf 87' lang='lat' dir='ltr'>contra</span> <span class='ocrx_word' id='word_1_184' title='bbox 903 3732 990 3796; x_wconf 91' lang='lat' dir='ltr'>illius</span> <span class='ocrx_word' id='word_1_185' title='bbox 1017 3734 1081 3796; x_wconf 89' lang='lat' dir='ltr'>uim</span> <span class='ocrx_word' id='word_1_186' title='bbox 1111 3736 1145 3798; x_wconf 90' lang='lat' dir='ltr'>et</span> <span class='ocrx_word' id='word_1_187' title='bbox 1173 3734 1318 3821; x_wconf 78' lang='lat' dir='ltr'>gratiam</span> <span class='ocrx_word' id='word_1_188' title='bbox 1340 3736 1479 3799; x_wconf 88' lang='lat' dir='ltr'>certan-</span> 
     </span>
     <span class='ocr_line' id='line_1_31' title="bbox 415 3849 1478 3941; baseline -0.001 -23"><span class='ocrx_word' id='word_1_189' title='bbox 415 3852 491 3918; x_wconf 89' lang='lat' dir='ltr'>dum</span> <span class='ocrx_word' id='word_1_190' title='bbox 515 3849 692 3925; x_wconf 53' lang='lat' dir='ltr'>fuisseti).</span> <span class='ocrx_word' id='word_1_191' title='bbox 745 3851 819 3935; x_wconf 79' lang='lat' dir='ltr'>Qua</span> <span class='ocrx_word' id='word_1_192' title='bbox 849 3853 891 3920; x_wconf 85' lang='lat' dir='ltr'>de</span> <span class='ocrx_word' id='word_1_193' title='bbox 920 3873 957 3919; x_wconf 92' lang='lat' dir='ltr'>re</span> <span class='ocrx_word' id='word_1_194' title='bbox 988 3874 1084 3941; x_wconf 88' lang='lat' dir='ltr'>quum</span> <span class='ocrx_word' id='word_1_195' title='bbox 1115 3856 1328 3920; x_wconf 88' lang='lat' dir='ltr'>breuissimas</span> <span class='ocrx_word' id='word_1_196' title='bbox 1349 3858 1478 3920; x_wconf 88' lang='lat' dir='ltr'>tantum</span> 
     </span>
    </p>
   </div>
   <div class='ocr_carea' id='block_1_7' title="bbox 414 4146 1476 4415">
    <p class='ocr_par' dir='ltr' id='par_1_9' title="bbox 414 4146 1476 4415">
     <span class='ocr_line' id='line_1_32' title="bbox 449 4146 1369 4247; baseline -0.001 -23"><span class='ocrx_word' id='word_1_197' title='bbox 449 4169 494 4238; x_wconf 81' lang='lat' dir='ltr'>aa)</span> <span class='ocrx_word' id='word_1_198' title='bbox 519 4174 586 4225; x_wconf 71' lang='lat' dir='ltr'>vius</span> <span class='ocrx_word' id='word_1_199' title='bbox 601 4188 691 4247; x_wconf 21' lang='lat' dir='ltr'>&#39;supra</span> <span class='ocrx_word' id='word_1_200' title='bbox 717 4146 743 4239; x_wconf 70' lang='grc' dir='ltr'>ῥ.</span> <span class='ocrx_word' id='word_1_201' title='bbox 770 4175 831 4226; x_wconf 80' lang='lat' dir='ltr'>mo.</span> <span class='ocrx_word' id='word_1_202' title='bbox 858 4188 915 4238; x_wconf 76' lang='lat' dir='ltr'>seq.</span> <span class='ocrx_word' id='word_1_203' title='bbox 1007 4176 1053 4238; x_wconf 79' lang='lat' dir='ltr'>m)</span> <span class='ocrx_word' id='word_1_204' title='bbox 1073 4175 1141 4226; x_wconf 74' lang='lat' dir='ltr'>vno</span> <span class='ocrx_word' id='word_1_205' title='bbox 1157 4188 1239 4239; x_wconf 68' lang='lat' dir='ltr'>supra</span> <span class='ocrx_word' id='word_1_206' title='bbox 1260 4174 1369 4238; x_wconf 81' lang='lat' dir='ltr'>p.1oo.</span> 
     </span>
     <span class='ocr_line' id='line_1_33' title="bbox 414 4261 1476 4328; baseline -0.004 -14"><span class='ocrx_word' id='word_1_207' title='bbox 414 4278 475 4314; x_wconf 88' lang='lat' dir='ltr'>cum</span> <span class='ocrx_word' id='word_1_208' title='bbox 495 4263 524 4311; x_wconf 90' lang='grc'><strong>11.</strong></span> <span class='ocrx_word' id='word_1_209' title='bbox 545 4264 582 4312; x_wconf 90' lang='lat' dir='ltr'>ibi</span> <span class='ocrx_word' id='word_1_210' title='bbox 601 4278 640 4314; x_wconf 89' lang='lat' dir='ltr'>cc.</span> <span class='ocrx_word' id='word_1_211' title='bbox 662 4271 688 4313; x_wconf 80' lang='lat' dir='ltr'>et</span> <span class='ocrx_word' id='word_1_212' title='bbox 707 4278 733 4327; x_wconf 88' lang='lat' dir='ltr'>p.</span> <span class='ocrx_word' id='word_1_213' title='bbox 753 4263 814 4313; x_wconf 84' lang='lat'><strong>158.</strong></span> <span class='ocrx_word' id='word_1_214' title='bbox 833 4277 891 4326; x_wconf 88' lang='lat' dir='ltr'>seq.</span> <span class='ocrx_word' id='word_1_215' title='bbox 1009 4261 1055 4328; x_wconf 76' lang='lat' dir='ltr'>ta)</span> <span class='ocrx_word' id='word_1_216' title='bbox 1075 4263 1323 4314; x_wconf 81' lang='lat' dir='ltr'>Coni.anteriorem</span> <span class='ocrx_word' id='word_1_217' title='bbox 1335 4264 1476 4313; x_wconf 78' lang='grc'><strong>1101111139.</strong></span> 
     </span>
     <span class='ocr_line' id='line_1_34' title="bbox 447 4350 820 4415; baseline 0.003 -15"><span class='ocrx_word' id='word_1_218' title='bbox 447 4350 493 4414; x_wconf 83' lang='grc'><strong>110)</strong></span> <span class='ocrx_word' id='word_1_219' title='bbox 513 4352 590 4401; x_wconf 82' lang='lat' dir='ltr'>Comi.</span> <span class='ocrx_word' id='word_1_220' title='bbox 610 4366 691 4415; x_wconf 84' lang='lat' dir='ltr'>supra</span> <span class='ocrx_word' id='word_1_221' title='bbox 711 4366 737 4415; x_wconf 91' lang='lat' dir='ltr'>p.</span> <span class='ocrx_word' id='word_1_222' title='bbox 759 4353 820 4402; x_wconf 70' lang='lat'>142.</span> 
     </span>
    </p>
   </div>
   <div class='ocr_carea' id='block_1_8' title="bbox 0 0 1680 5276">
    <p class='ocr_par' dir='ltr' id='par_1_10' title="bbox 0 0 1680 5276">
     <span class='ocr_line' id='line_1_35' title="bbox 0 0 1680 5276; baseline 0 0"><span class='ocrx_word' id='word_1_223' title='bbox 0 0 1680 5276; x_wconf 95' lang='lat' dir='ltr'> </span> 
     </span>
    </p>
   </div>
  </div>
 </body>
</html>
