3420 5280
299 533 337 611 s.
359 523 402 599 2.
440 518 541 608 ¹Quo
566 522 652 594 iore
676 515 740 592 N'.
767 519 865 592 teoto
893 515 962 605 Qu
980 516 1201 617 possederit.
1245 518 1285 580 ti

222 706 415 795 habeat³³),
436 710 597 776 bonorum
620 728 663 774 ex
679 708 801 775 Edicto
816 707 1091 794 possidendorum
1112 708 1184 776 iure
1206 707 1288 774 fun-

223 831 312 898 ditus
334 832 546 898 destituatur.

285 991 326 1056 ln
358 1009 503 1075 summa,
538 992 659 1075 parata
695 988 828 1055 tandem
864 989 928 1054 erit
964 987 1008 1054 ud
1044 989 1285 1076 quaestionem,
1304 985 1453 1103 ᾞξξῑ

220 1111 298 1179 huie
319 1111 534 1201 paragrapho
556 1113 773 1198 inscriptam,
794 1110 879 1178 haec
900 1112 1097 1197 responsio:

284 1269 446 1357 Naeuius²
460 1287 532 1335 eum
549 1269 746 1336 Burrienum
762 1269 956 1335 Praetorem
969 1269 1011 1335 de
1027 1271 1123 1336 bonis
1138 1268 1286 1352 Quinctii

220 1372 432 1478 possidendis
452 1390 582 1477 adiret,
618 1410 780 1458 caussam
798 1393 937 1476 protulit
958 1393 1197 1457 erudimentum
1219 1388 1287 1458 stit

219 1514 410 1597 desertum,
461 1511 586 1578 Edtett
620 1530 702 1577 uero
745 1518 909 1602 quartum
945 1513 1045 1578 ittam
1090 1513 1286 1580 ctounetom

219 1626 282 1715 [Si
301 1608 432 1698 essens
453 1652 582 1698 ruororo
604 1652 774 1699 onerosos
803 1653 869 1699 ron
897 1624 1045 1715 rorare)
1075 1653 1096 1700 u
1125 1632 1282 1716 Quinctio

218 1757 282 1822 sibi
304 1757 508 1822 commissam
531 1774 608 1821 esse
630 1753 813 1823 contendit.
864 1752 1060 1821 Pecuniam
1078 1755 1145 1822 ribi
1166 1756 1284 1824 deteri

216 1878 314 1943 simul
341 1877 503 1943 Naeuium
536 1877 584 1941 ita
612 1878 790 1943 uerisimile
812 1878 864 1943 est
886 1876 1090 1959 affirmasse,
1124 1879 1162 1942 ut
1189 1895 1283 1944 oom-

217 1999 346 2064 modius
378 2001 489 2064 tamen
524 1999 703 2084 utiliusque
732 1997 887 2083 duceret,
922 1999 1118 2064 uadimoott
1152 1998 1283 2066 deserti

217 2140 314 2206 quam
335 2121 462 2187 nedttt
483 2139 634 2187 caussam
655 2121 812 2206 probare.

278 2316 455 2403 Reliquum
476 2320 546 2402 est,
574 2319 612 2382 ut
632 2315 676 2382 ud
699 2319 827 2385 textum
848 2317 937 2382 iliius
958 2335 1032 2402 cup.
1054 2312 1133 2403 19„
1164 2336 1186 2383 a
1216 2336 1281 2405 quo
1301 2326 1448 2438 mom

215 2437 300 2504 haee
319 2440 424 2504 omnis
444 2438 627 2524 disputatio
648 2439 803 2523 proiecta
823 2442 894 2519 est,
928 2447 1152 2521 reuertamur,
1186 2458 1280 2524 quem
1298 2443 1347 2483 ²¹³⁰·

215 2560 259 2625 ab
284 2557 484 2625 Hotomooo
508 2560 651 2644 oblatum
680 2558 726 2624 ad
750 2560 939 2625 sententiae
967 2557 1097 2644 quidem
1124 2578 1279 2625 summum

214 2682 250 2746 in
280 2679 376 2746 fidem
400 2683 549 2744 nostrum
568 2679 755 2765 recepimus
773 2674 830 2764 ³²⁶),
865 2680 983 2746 critica
1014 2682 1124 2746 autem
1148 2681 1280 2748 ratione

214 2782 395 2869 curandum
416 2799 460 2865 ud
484 2799 572 2868 huno
593 2819 699 2887 usque
720 2802 828 2867 iocum
850 2801 1105 2867 reseruuuimus.

279 2959 412 3026 Etenim
439 2959 473 3024 in
502 2960 559 3024 iilo
589 2962 703 3045 textu,
737 2978 832 3047 quem
859 2979 963 3046 supra
992 2961 1140 3045 exhibui,
1173 2964 1279 3030 uerba

215 3082 323 3146 omnia
352 3080 436 3147 haee
459 3079 541 3146 Dici
568 3080 607 3146 td
632 3099 703 3146 ooo
726 3086 852 3168 potest.
900 3080 968 3165 Qun
995 3103 1123 3150 nosnos
1149 3104 1277 3151 roureio

215 3194 469 3267 offensus'non
490 3219 630 3267 runarr:
651 3199 708 3267 Ne
730 3203 769 3267 td
789 3203 926 3292 quidem
948 3243 989 3254 —

213 3324 312 3388 unius
342 3319 535 3388 Hotomooi
556 3322 621 3387 tide
642 3325 743 3408 atque
765 3326 967 3391 auctoritate
989 3328 1194 3414 consistunt,
1222 3331 1276 3415 qui

213 3462 257 3509 ex
277 3443 363 3509 libro
385 3443 610 3528 manuscripto
632 3444 831 3531 perantiquo
860 3465 902 3512 aa
922 3448 1111 3514 restituisse
1133 3468 1171 3515 se
1193 3470 1276 3535 pro-

212 3564 332 3630 fitetur.

273 3684 431 3751 Pronime
462 3687 572 3751 autern
606 3686 754 3752 accessit
789 3685 998 3772 Lomttous,
1033 3689 1108 3774 ipse
1143 3709 1275 3778 quoque

246 3925 292 3984 ³3)
318 3926 424 3978 Videris
449 3927 557 3978 Horatii
579 3925 662 3978 Sem.
682 3927 713 3989 1,
771 3929 866 3993 «quod
882 3929 1037 3979 uodimorrio
1057 3943 1111 3981 noo
1125 3935 1274 3994 posuerit»

210 4015 295 4076 aaa
308 4029 396 4080 seqq..
418 4016 508 4080 ibique
526 4015 715 4080 Porphyrionis
770 4018 820 4067 rai.
858 4016 1152 4072 conr.1..1a.1..1a.
1188 4022 1229 4073 lte
1244 4023 1273 4073 in

212 4108 321 4154 notam:
348 4103 543 4155 «Aduersarius
556 4104 663 4154 molesti
683 4104 713 4154 ii·
771 4107 812 4157 ius
826 4105 959 4156 uooendo·
995 4107 1272 4175 Buttmann-Helium

210 4192 286 4242 «lius
298 4192 441 4243 Horatium
453 4193 588 4254 consulit,
607 4207 643 4243 en
654 4206 714 4256 par·
770 4195 789 4246 Ι.
809 4209 833 4245 e.
853 4191 883 4256 δ.
896 4194 941 4244 Μ.
960 4208 987 4258 p.
1001 4194 1064 4245 ati.

210 4281 322 4332 emittet
339 4280 525 4343 retuterunt,
545 4281 644 4332 inieetr
656 4296 713 4332 mr·
804 4284 851 4343 it)
868 4283 935 4334 Vide
952 4296 1035 4348 supra
1053 4298 1080 4348 p.
1098 4285 1143 4337 to.

208 4383 271 4421 «nu
291 4373 457 4422 exoraturus
481 4370 515 4421 ad
540 4368 710 4429 Praetorem,
