3352 5276
232 506 269 584 s.
284 495 323 569 4.
342 491 403 568 De
412 476 459 567 P.
471 500 508 567 et
527 490 569 565 V.
581 488 965 593 boo—Subseotooe
978 494 1225 592 quaestiones.
1253 495 1294 557 87
1344 587 1347 594 1
1371 500 1375 508 ·

234 688 285 749 lus
307 684 431 748 nullum
452 688 561 765 esset,
588 678 762 766 possidere
784 682 896 745 tomen
917 681 1089 747 iuberetur
1100 674 1155 764 ²²),
1189 680 1232 747 de
1254 700 1295 747 ee
1313 680 1464 789 ‘fi23‘··‘⁰·

233 825 271 871 re
294 802 496 888 praeiudicio
519 820 596 867 esse
617 794 847 890 agendum²³),
868 821 936 868 non
957 803 992 866 in
1008 804 1176 890 integrum
1190 805 1295 868 resti-

211 910 395 990 tutionem
423 942 444 989 a
472 923 636 989 Proetore
669 923 908 1008 quaerendam,
943 925 1092 988 nimirum
1121 927 1194 1009 ipso
1224 927 1296 991 iure

233 1047 325 1111 nullu
353 1049 387 1111 et
414 1045 541 1111 infirma
570 1044 730 1110 eiusmodi
756 1063 825 1109 non
853 1046 959 1110 solum
990 1047 1205 1130 possessione
1233 1065 1296 1113 ue-

232 1189 304 1234 rum
326 1169 425 1233 etiem
445 1159 680 1245 uenditionem)
704 1169 738 1232 et
760 1184 792 1252 q.
814 1186 850 1256 g.
872 1185 903 1232 o.

296 1264 426 1370 Quibus
460 1292 572 1354 tomen
608 1289 760 1354 omnibus
796 1289 906 1379 longe
937 1292 1090 1374 praestat
1126 1291 1298 1379 egregium

171 1434 174 1439 ¹
232 1410 314 1476 illud
335 1410 445 1476 Paulli
475 1411 713 1490 testimonium,
747 1412 802 1495 qul
830 1412 865 1475 ln
893 1411 1089 1497 supradicto
1114 1413 1153 1477 L.
1176 1409 1225 1475 12.
1246 1430 1298 1496 pr.

233 1534 284 1598 lle
307 1533 376 1598 reb.
398 1533 526 1607 auctor.
548 1529 613 1594 iud.
635 1524 733 1614 po.²⁵)
757 1551 825 1596 non
847 1531 972 1597 diserte
995 1534 1101 1601 solum
1120 1532 1180 1613 sed
1200 1535 1297 1598 etium

236 1655 428 1718 solennibus
448 1653 530 1717 iuris
552 1652 660 1717 civilis
681 1652 794 1717 uerbis
816 1671 943 1718 omnem
964 1655 1128 1718 rationem
1151 1657 1298 1719 nostrum

237 1777 404 1858 expresut
425 1791 466 1839 ue
491 1772 753 1857 comprehendo.

299 1892 387 1976 Quid
414 1886 525 1960 enim?
561 1894 653 1980 quod¹
682 1896 818 1983 statuit,
851 1897 905 1976 eui
937 1895 1082 1961 Praetor
1113 1897 1300 1982 postulanti

131 2060 137 2063 -
239 2019 408 2101 permittet
435 2016 523 2081 bono
553 1999 749 2101 possidere,
782 2035 860 2082 enm
888 2015 979 2082 laeto
1006 2017 1074 2083 stbt
1104 2022 1300 2107 oeqotrere,
1396 2058 1398 2063 -

157 2158 158 2167 ¹
237 2140 298 2203 seol
319 2138 452 2228 oltputot
473 2157 520 2203 es
542 2139 663 2204 ordine
690 2135 827 2227 faeere,
865 2114 977 2215 nonne
1005 2139 1106 2223 plone
1134 2139 1220 2204 idem
1250 2145 1302 2205 est

236 2263 337 2344 utque
371 2258 459 2344 quod
491 2232 555 2325 nos
585 2279 688 2344 supra
716 2262 947 2344 exposuimus,
984 2265 1075 2326 torris
1103 2261 1303 2327 eeletrondt

221 2352 364 2447 *conseo
379 2374 421 2458 ²⁶),
447 2399 468 2444 o
495 2380 659 2448 Proetore
687 2398 731 2446 ex
759 2355 882 2447 Edicto
910 2383 1158 2466 possessionem
1181 2386 1215 2448 et
1237 2402 1303 2467 po·
1410 2442 1415 2446 .

88 2502 1304 2589 ,rmfflmemfflmmmmmm,

237 2638 282 2685 un
305 2622 512 2702 commissum
534 2595 578 2686 sit
600 2620 772 2705 Edictum,
793 2625 972 2687 statuetur.

240 2850 384 2912 «sionem,
405 2850 450 2901 uel
467 2853 491 2901 et
507 2853 658 2914 exceptione
675 2865 744 2901 sum·
834 2850 880 2918 it)
899 2855 930 2904 l..
949 2854 977 2903 7.
996 2851 1025 2917 ἕ.
1045 2852 1079 2906 3.’
1092 2857 1172 2919 Quib.
1192 2869 1223 2907 ex
1242 2870 1302 2907 euu.

239 2940 366 2988 «moueri
387 2941 493 3002 potuit,
526 2926 593 2989 ntbtt
620 2941 644 2990 et
671 2940 744 2990 debet

239 3024 384 3088 «nouere
398 3028 449 3076 boo
461 3012 672 3089 edietumsqnto
679 3041 745 3090 pro-

239 3118 319 3176 «pter
337 3116 438 3165 nullom
456 3122 579 3166 coustant
597 3118 626 3166 tn
643 3131 744 3179 posses·

241 3205 362 3252 ostonem
376 3207 471 3254 misem
489 3210 553 3253 eet.»
658 3218 662 3221 ·

273 3289 319 3354 22)
345 3289 408 3341 Gaii
430 3292 536 3342 Corum.
556 3293 606 3344 lll.
631 3291 659 3356 §-
680 3295 741 3344 220.

240 3381 367 3435 «Iniuria
384 3386 477 3431 autem
495 3383 672 3433 committitur
736 3419 742 3432 .

239 3469 284 3519 osi
306 3470 366 3533 quis
385 3470 457 3521 boue
475 3470 589 3520 alieuius
608 3473 683 3533 quusi
704 3472 745 3520 ‹te-

239 3557 371 3612 «biteris,
392 3560 475 3607 solens
493 3572 552 3608 eum
568 3558 635 3608 nibil
654 3559 745 3609 debere

241 3660 254 3691 o
262 3645 328 3706 ribi,
348 3647 538 3710 proscripserit
558 3651 586 3697 et
606 3640 674 3697 rel.»

231 3720 234 3727 ’
272 3730 318 3797 23)
339 3735 369 3783 L.
382 3735 425 3784 30.
444 3736 485 3785 Ile
498 3737 556 3785 reb.
570 3742 674 3786 auctor.
686 3736 742 3785 iud.

239 3833 283 3883 po.
303 3819 438 3885 (Papirius
457 3820 556 3886 Iustus)
576 3824 745 3887 ‹clmperato-
773 3870 774 3875 ,

240 3921 305 3958 «res
322 3910 476 3962 Antoninus
495 3918 522 3963 et
544 3913 630 3964 Verus
653 3913 744 3976 Augu·

211 4030 213 4035 >
243 3997 299 4046 «sti
318 4001 529 4064 rescripserunt,
543 4015 600 4063 eos,
615 4003 661 4066 qui
674 4002 746 4051 bona

242 4097 313 4134 «suu
332 4095 432 4149 negant
449 4090 507 4139 iure
525 4092 647 4152 uenisse,
668 4104 746 4152 proe-

242 4173 362 4223 «iootieto
384 4178 499 4235 expertri
516 4179 622 4234 debere,
648 4186 675 4230 et
691 4180 746 4230 sru-

242 4266 318 4310 «stru
343 4261 499 4325 Principem
526 4266 682 4320 desiderare
705 4283 746 4320 re-

244 4349 387 4400 oseiudere
405 4352 620 4406 uenditionem.»

800 2941 828 2991 iu
841 2956 886 3006 po.
897 2957 922 2993 e.
943 2934 1092 3007 (Ulpianus)
1112 2945 1162 2995 «si
1176 2944 1236 3009 quis
1245 2958 1305 3008 pos·

801 3032 924 3082 «sederit
941 3032 1013 3082 bona
1031 3034 1146 3084 alieuius
1167 3034 1245 3097 quasi
1268 3034 1306 3083 lu·

801 3121 940 3182 «litantis,
969 3122 1016 3185 qui
1037 3136 1092 3172 nou
1110 3123 1249 3184 latitabat,
1280 3128 1307 3173 et

801 3192 993 3270 «uendideriu
1013 3225 1183 3274 consequeus
1200 3212 1306 3267 erildi·
1411 3267 1415 3276 ,

801 3312 901 3360 «cere,
925 3299 1103 3350 uenditionem
1121 3300 1250 3350 bonorum
1268 3314 1306 3351 re·

801 3392 916 3436 «ewam
931 3386 1032 3438 nullius
1048 3391 1173 3438 neomentt
1190 3402 1270 3439 esee.»

834 3472 880 3538 25)
906 3476 1019 3525 Texlum
1043 3478 1152 3528 exhibui
1177 3492 1258 3542 supro
1278 3494 1304 3543 p.

800 3560 843 3611 71.
865 3569 920 3613 not.
941 3563 968 3612 6.

835 3648 880 3715 26)
902 3651 1026 3702 Cutootus
1038 3654 1067 3703 iu
1080 3651 1186 3704 Comm.
1198 3656 1231 3705 ad
1245 3655 1303 3705 Lib.

801 3738 870 3801 ux.
890 3738 979 3789 Paulo
997 3741 1031 3790 ar
1050 3741 1173 3792 nurerum
1196 3745 1256 3793 sus.
1277 3745 1304 3794 n.
1380 3730 1382 3739 ’

801 3826 830 3876 L.
850 3827 893 3876 12.
915 3824 955 3892 (iu
974 3827 1042 3892 Opp.
1058 3830 1107 3879 lli.
1121 3830 1205 3895 Neap.
1227 3833 1259 3883 T.
1273 3833 1304 3883 v.
1405 3857 1408 3861 «

802 3929 829 3977 p.
849 3913 922 3979 757.)
946 3918 1032 3967 uerba
1055 3918 1102 3968 illu
1129 3920 1256 3983 «aliquid
1273 3935 1307 3971 eu

804 4003 917 4055 ooodtm
929 4003 1039 4067 foeoeu
1057 4007 1097 4056 sio
1115 4008 1306 4072 circumloqui·

803 4097 859 4143 tur:
888 4096 981 4156 sueque·
997 4082 1130 4145 solennem
1149 4097 1218 4146 torte
1235 4097 1307 4146 ordi·

802 4194 878 4242 nem,
904 4194 956 4244 ooo
983 4196 1026 4233 roe
1049 4190 1171 4235 seruetur
1198 4185 1307 4235 oredito-

802 4270 886 4320 ribus.
