3420 5280
395 524 454 570 Vl!

393 670 592 771 religatur,
629 668 699 745 sed
728 671 872 769 integra
903 671 1020 744 oratio
1046 671 1199 769 ipsaque
1226 692 1380 764 caussa,
1424 675 1462 745 in

394 855 464 931 qua
490 827 661 908 docenda
683 835 872 921 uersatur,
899 827 1146 932 disputatione
1169 830 1459 932 comprehenda-

393 998 462 1066 tur.
515 989 596 1082 Qua
631 991 669 1063 in
701 1009 744 1064 re
779 986 880 1063 nullo
912 995 1081 1064 monente
1111 990 1228 1088 quiuis
1254 988 1460 1090 intelliget,

394 1147 619 1250 singulorum
645 1171 788 1249 quoque
814 1146 1002 1241 locorum,
1034 1148 1234 1242 dictorum,
1268 1150 1463 1247 quinetiam

394 1308 655 1385 uocabulorum
689 1310 960 1383 exactissimam
991 1310 1167 1383 rationem
1205 1330 1292 1385 esse
1323 1306 1463 1383 haben-

395 1466 499 1559 dam,
526 1490 597 1544 nec
630 1465 746 1566 magis
781 1468 1016 1569 interpretem
1053 1471 1090 1541 in
1127 1471 1293 1543 oratione
1329 1467 1461 1569 expla-

395 1626 515 1700 nanda
551 1651 654 1726 quam
691 1628 729 1700 in
763 1628 846 1729 ipsa
881 1648 1037 1703 cerussae
1063 1625 1225 1703 dictione
1260 1633 1461 1718 oratorem,

395 1788 429 1859 ιί
454 1791 578 1888 partes
603 1783 837 1884 neglexerit,
864 1787 933 1861 toti
959 1782 1155 1861 consulere
1182 1793 1286 1861 recte
1310 1806 1437 1886 posse.

472 2020 577 2113 Quae
594 2045 699 2118 quum
716 2022 768 2094 ita
785 2021 877 2111 sint,
905 2019 992 2118 quid
1015 2017 1244 2094 statuendum
1264 2019 1313 2095 de
1335 2022 1463 2097 critica

393 2183 536 2256 ratione
562 2188 623 2254 aut
649 2178 855 2255 adhibenda
881 2188 942 2254 aut
967 2179 1218 2257 declinanda?

471 2339 652 2440 Equidem
695 2361 775 2415 eam
820 2361 897 2414 rem
936 2364 1008 2415 non
1047 2338 1243 2415 uoluntatis
1284 2339 1354 2415 sed
1391 2363 1460 2415 ne-

395 2502 580 2577 cessitatis
606 2521 694 2575 esse
720 2498 885 2574 arbitror.
937 2498 1033 2574 Nam
1058 2501 1120 2599 qui
1145 2499 1226 2575 fieri
1251 2506 1395 2602 potest,
1423 2507 1463 2574 ut

393 2660 573 2759 integrum
602 2659 740 2734 ueteris
776 2657 930 2735 alicuius
970 2661 1159 2761 scriptoris
1198 2659 1327 2735 librum
1366 2662 1462 2737 scite

394 2818 671 2917 interpreteris,
698 2818 769 2890 nisi
796 2819 893 2893 scies
921 2817 1009 2918 quid
1034 2817 1254 2920 scripserit?
1280 2818 1343 2893 nel
1368 2843 1460 2895 oon-

394 2983 468 3051 tra:
502 2977 540 3050 in
561 2998 696 3051 summa
713 2971 893 3052 Codicum
910 2975 1146 3071 diuersitate,
1173 2999 1267 3077 quae
1284 2975 1460 3076 frequen·

394 3136 535 3210 tissime
559 3133 709 3229 incidit,
754 3136 814 3234 qui
838 3135 926 3211 sciri
960 3134 1119 3232 poterit,
1158 3131 1245 3231 quid
1271 3132 1462 3232 scripserit

394 3301 547 3389 auctor,
586 3297 657 3369 nisi
692 3297 874 3371 exactiori
899 3292 1051 3394 quadam
1077 3313 1195 3367 rerum
1222 3294 1459 3391 cognitione,

395 3454 482 3555 qnid
518 3454 682 3531 floribere
713 3456 873 3557 potuerit
904 3460 966 3528 aut
999 3475 1072 3527 non
1103 3453 1283 3553 potuerit,
1324 3451 1458 3552 quidue

394 3616 592 3717 scripsisse
628 3635 707 3689 eum
740 3615 896 3688 maxime
931 3614 980 3687 sit
1014 3610 1230 3714 probabile,
1267 3611 1458 3688 discerna-

394 3781 454 3849 tur
478 3781 586 3850 antea
613 3797 658 3851 ao
683 3772 936 3851 diiudicetur?

469 3930 605 4032 Neque
634 3955 692 4008 me
718 3932 836 4033 fugit,
865 3934 1051 4032 egregiam
1081 3930 1212 4004 multos
1243 3927 1458 4030 castigando

395 4088 458 4167 uel
492 4090 615 4170 harum
655 4094 854 4167 orationum
892 4093 1081 4168 contextui
1119 4112 1265 4191 operam
1302 4110 1458 4162 nauasse

394 4272 466 4327 nec
483 4257 604 4325 tamen
623 4271 709 4344 reu,
736 4250 785 4326 de
809 4249 937 4349 quibus
966 4253 1109 4351 agitur,
1138 4224 1350 4353 praesertim
1368 4251 1458 4325 iuris
