3420 5280
419 515 455 591 s.
482 503 515 577 1.
568 500 712 577 Iudicii
737 503 843 601 oripo
868 510 904 574 ei
929 510 1084 574 nature.
1237 500 1275 561 ¹5

222 696 294 759 eius
321 697 433 777 parte,
462 692 571 787 ueluti
599 689 745 776 dimidia,
779 689 896 776 tertia,
924 688 1070 775 liniatur3
1098 687 1217 755 deinde
1238 695 1275 755 ut
1293 682 1441 792 „tw

222 832 329 900 neque
364 814 514 897 poenalis
544 810 704 878 eiusmodi
735 810 890 896 sponsio,
925 828 1033 895 neque
1065 811 1132 875 alia
1167 829 1276 894 poena

222 938 345 1000 temere
366 934 564 1022 litigantium
587 930 696 1010 (cuius
715 933 851 1021 generis
872 932 930 996 illa
955 920 1084 1016 quoque
1114 928 1179 1007 est)
1208 933 1276 998 ulla

222 1058 419 1136 inueniatur,
435 1057 513 1140 quin
526 1073 598 1120 cum
609 1054 700 1119 tinali
711 1053 814 1118 totius
824 1054 893 1117 litis
904 1054 996 1118 exitu
1006 1045 1277 1142 coniungatnrwi

221 1177 303 1242 Nam
322 1181 464 1261 propter
485 1176 653 1243 decretum
676 1173 879 1240 ordinandae
899 1175 968 1239 litis
988 1175 1101 1263 gratia
1122 1176 1277 1259 interpo-

221 1300 319 1362 situm
340 1301 398 1362 aut
418 1303 556 1383 propter
578 1260 813 1382 praeiudicium
834 1295 960 1362 decreti
981 1298 1277 1381 praeparatorium,

222 1438 316 1484 nemo
338 1437 419 1484 sane
440 1420 576 1508 legerit,
602 1435 794 1503 quemquam
822 1419 879 1482 aut
905 1415 997 1500 dupli
1025 1415 1276 1483 condemnatum

222 1543 279 1605 aut
286 1540 473 1628 ‘ignominia
485 1542 651 1621 notatum,
667 1540 727 1604 aut
738 1540 857 1606 contra
870 1539 1053 1606 calumniae
1065 1539 1277 1607 contrarioue

222 1659 341 1727 iudicio
364 1662 501 1745 petitum
529 1660 642 1725 luisse.

285 1779 451 1863 Quocirca
482 1779 571 1845 haud
601 1787 726 1846 temere
758 1778 836 1844 mihi
864 1778 979 1845 uidcor
1000 1782 1034 1844 in
1055 1780 1275 1865 suspicionem

223 1902 360 1987 adduci,
381 1906 505 1969 certam
519 1901 647 1987 quidem
662 1902 844 1967 obtinuisse
862 1902 1048 1986 poenalium
1062 1903 1277 1987 sponsionum

223 2026 399 2107 rationem,
431 2023 572 2111 linitum,
600 2024 718 2108 quibus
743 2021 1086 2103 accommodarentur,
1110 2023 1276 2089 actionum

223 2163 408 2228 numerum;
428 2147 640 2212 constitutam
662 2143 803 2229 denique
823 2145 890 2209 illis
910 2147 1075 2209 actionum
1096 2147 1276 2234 generibus

216 2286 314 2332 suam
335 2269 453 2352 cuique
474 2268 542 2332 litis
564 2269 705 2350 partem,
728 2284 800 2352 v(pura
823 2264 1018 2350 spondendo
1040 2284 1118 2331 reus
1139 2267 1276 2350 pericli-

223 2392 365 2468 taretur3
386 2388 469 2455 hace
491 2391 600 2454 tamen
623 2390 730 2453 omnia
751 2387 883 2457 nonnisi
897 2387 967 2452 eius
981 2385 1138 2469 puniendi
1156 2406 1277 2453 caussa

164 2572 167 2581 ,
223 2512 415 2592 comparata
435 2510 553 2582 luisse,
575 2510 630 2593 qui
651 2508 739 2572 tinali
760 2506 878 2572 iudicis
898 2507 1065 2571 sententia
1087 2505 1129 2571 de
1149 2509 1277 2591 reipsa

224 2630 319 2714 simul
333 2627 623 2694 condemnaretur:
646 2631 764 2691 contra
778 2643 860 2690 uero
876 2646 971 2693 omne
985 2628 1049 2695 hoc
1063 2631 1276 2713 sponsionum

224 2748 411 2833 poenalium
438 2765 547 2834 genus
572 2730 711 2831 prorsus
743 2748 883 2813 alienum
916 2748 1021 2815 luisse
1050 2751 1192 2816 auariis
1212 2752 1277 2817 illis

225 2868 562 2963 frequentissimisque
578 2886 767 2939 caussarum
782 2868 913 2959 liguris,
937 2871 993 2936 ubi
1007 2871 1041 2935 in
1055 2872 1142 2952 iure,
1162 2873 1215 2939 uel
1234 2873 1276 2938 ob

223 2989 377 3056 iudicium
405 2988 621 3054 ordinandum
652 2991 709 3056 uel
732 2991 774 3056 ob
801 2991 897 3056 aliam
929 3010 1163 3078 quamcumque
1190 2992 1277 3075 rem,

225 3130 309 3197 quac
321 3111 364 3176 ad
378 3109 635 3176 iurisdictionem
645 3114 828 3194 pertineret
850 3118 884 3178 et
900 3114 952 3177 ius
969 3112 1090 3179 dicenti
1105 3130 1277 3204 emergere

225 3235 355 3317 posset,
383 3214 562 3318 sponsione
590 3252 675 3317 opus
702 3251 777 3298 esse
804 3231 990 3319 uideretur3
1014 3237 1109 3300 immo
1131 3239 1165 3300 in
1185 3236 1277 3303 hisce

226 3354 375 3419 omnibus
391 3353 584 3447 Praetorem
599 3354 823 3440 praeiudiciali
838 3357 949 3439 potius
964 3357 1158 3441 sponsione,
1182 3377 1276 3443 quam

227 3495 287 3561 pro
302 3476 440 3541 arbitrio
454 3475 523 3540 lieri
538 3475 701 3561 iussisset,
715 3494 782 3541 rem
798 3478 987 3566 transigere
1001 3479 1132 3543 solitum
1144 3475 1277 3554 essew).

261 3810 307 3865 19)
325 3808 402 3860 Gonl.
422 3808 483 3861 Gaii
497 3808 601 3859 Corum·
616 3808 660 3857 lv.
674 3805 722 3872 ὃὸ.
780 3810 873 3873 risque
887 3810 1086 3871 iurisdictione,
1106 3825 1186 3875 quam
1202 3818 1230 3863 ut
1248 3815 1276 3865 iu

227 3896 392 3948 171-182.
780 3899 942 3948 contrariam
953 3906 1054 3961 partem
1064 3900 1276 3964 ualere‘possint:

260 3985 306 4044 20)
324 3986 722 4050 Quaeinverremlll,57.scqq.
780 3987 898 4042 Heraclii
912 4001 977 4037 uero
990 3976 1158 4052 Centuripini
1171 4004 1276 4054 caussa,

228 4077 255 4121 ct
277 4073 315 4132 V,
339 4074 383 4123 54.
403 4081 547 4124 narrantur
570 4076 725 4138 poenalium
770 4075 882 4124 ibidem
895 4074 987 4136 luat.
1002 4076 1095 4136 relata,
1109 4079 1189 4127 etiam
1202 4082 1277 4130 omni

228 4162 403 4222 sponsionum
416 4164 537 4225 exempla
551 4161 650 4227 (Verba
664 4165 727 4215 uide
781 4177 829 4214 sua
847 4170 942 4214 natura
955 4169 982 4217 et
994 4165 1085 4215 habitu
1099 4150 1225 4218 incertior
1240 4173 1277 4218 at·

229 4247 333 4298 iulrah.
344 4245 373 4310 §-
384 4247 514 4313 not-35),
524 4253 668 4302 remotiora
677 4253 726 4302 mi·
781 4265 833 4316 que
851 4253 1000 4304 ohscurior.

229 4336 257 4387 lri
272 4336 397 4386 uidentur
415 4351 431 4387 a
450 4338 508 4387 iure
526 4340 600 4389 ciuili
618 4341 729 4423 ordina-⁶
