3420 5280
436 497 475 557 Ν
541 479 635 596 Cup.
659 498 692 571 1.
743 495 804 571 De
829 500 913 573 turo
935 520 1093 571 caussae
1118 498 1379 584 Quinctianae.

281 722 414 772 sporn-m,
495 683 590 767 Quae
610 689 649 750 ut
670 685 776 751 ordini
798 706 859 751 suo
874 687 1084 769 restituatur,
1106 707 1207 773 porro
1222 687 1396 755 uidendum
1411 689 1484 775 erit,

266 791 341 872 ..2⁰¹
377 792 415 830 ‘⁹‘
434 806 565 892 quondo
590 808 731 893 poeniali
757 808 928 892 sponsioni
957 808 1052 873 loeus
1071 808 1191 892 irretit,
1219 808 1350 894 quando
1376 828 1483 894 proe-

283 1047 366 1093 Quando

270 1110 368 1168 teratrum
375 1117 387 1144 o

433 928 599 994 iudiciali.

381 1049 414 1145 ᾗ
495 1047 549 1133 Ao
570 1050 706 1134 primum
729 1053 868 1135 quaein
890 1053 1048 1116 communi
1067 1055 1101 1115 et
1115 1049 1305 1136 quotidiana
1320 1050 1482 1115 bominum

265 1161 359 1206 ‘'³⁰⁶⁶‘’
433 1166 687 1236 conuersatione
708 1170 779 1236 lieri
800 1173 952 1238 solebant
973 1174 1187 1257 sponsiones,
1212 1176 1324 1238 certae
1346 1170 1390 1236 sd
1412 1191 1483 1236 eam

432 1308 500 1355 rem
523 1310 656 1357 normae
673 1311 740 1357 non
754 1293 909 1358 uidentur
923 1292 1105 1359 adstrictae
1120 1293 1240 1377 fuisse,
1262 1295 1384 1379 quippe
1399 1311 1482 1383 quse

430 1413 524 1476 totae
546 1417 660 1479 essent
681 1414 888 1479 uoluntariae
909 1432 949 1479 ae
970 1415 1141 1496 fortuitae,
1166 1413 1208 1479 ud
1223 1415 1391 1480 arbitrium
1405 1433 1483 1480 oer-

431 1535 569 1598 tnntium
605 1552 666 1619 pro
700 1535 807 1600 lubitu
837 1534 1060 1601 instituendae
1095 1538 1196 1620 nique
1228 1533 1483 1601 contrahendae.

431 1651 648 1735 Quamobrem
670 1673 828 1740 perquam
849 1655 1007 1722 credibile
1029 1659 1097 1741 est,
1125 1659 1194 1720 tum
1215 1657 1355 1740 poenale
1376 1674 1483 1740 spon-

430 1775 557 1839 sionum
578 1792 705 1864 genus,
726 1779 794 1877 tum
808 1795 897 1841 mere
911 1775 1159 1862 praeiudiciule,
1182 1777 1280 1861 prout
1299 1772 1484 1857 uideretur,

429 1897 651 1984 usuuenisse3
666 1898 742 1981 quin
759 1899 855 1962 etiam
871 1897 950 1962 illud
966 1899 1023 1962 uix
1037 1899 1139 1963 ausim
1154 1915 1291 1986 negare,
1305 1895 1482 1981 aliquando

429 2014 582 2082 accidere
597 2018 763 2102 potuisse,
782 2021 819 2081 nt
833 2019 888 2083 uel
903 2019 1054 2103 poenalis
1069 2019 1215 2104 sponsio,
1234 2018 1305 2082 siue
1321 2019 1363 2084 ob
1376 2036 1482 2102 spon-

429 2134 541 2203 deatis
561 2136 709 2203 fiduciam
731 2139 799 2219 sui,
820 2140 892 2204 siue
909 2137 1031 2205 alinde
1046 2157 1180 2223 caussa,
1202 2141 1322 2205 omissa
1334 2140 1483 2224 restipu-

429 2261 554 2327 latione
578 2255 875 2334 conueheretur9).

492 2382 617 2448 Contra
645 2398 756 2446 earum
782 2385 1014 2466 sponsionum,
1042 2399 1127 2466 quoe
1148 2383 1182 2446 in
1201 2383 1294 2466 iure,
1325 2383 1482 2467 praetore

427 2503 562 2567 lubente
588 2519 627 2568 ao
649 2500 858 2586 moderante,
881 2503 991 2568 iudicii
1014 2500 1186 2569 ordinandi
1208 2520 1329 2569 caussa
1349 2500 1483 2584 tierent,

428 2626 552 2690 sertior
574 2622 732 2709 quaedam
754 2625 839 2688 ratio
862 2625 952 2689 nullo
976 2622 1075 2691 dubio
1099 2624 1250 2690 obtinuit.
1506 2616 1510 2622 ’

490 2745 632 2811 Constat
660 2746 786 2831 autem,
823 2745 921 2809 etism
952 2743 995 2810 ad
1024 2744 1281 2811 iurisdietionem
1310 2747 1482 2830 utramque

428 2866 640 2950 sponsionum
661 2882 770 2953 genus
791 2865 999 2949 pertinuisse.

329 2990 376 3085 ⁰⁸1⁰
490 2985 622 3051 Etenim
654 2986 840 3071 poenalium
872 2987 1085 3071 sponsionum
1116 2988 1286 3073 propriam
1320 2985 1482 3073 quoddam

428 3110 529 3193 eaput
560 3107 624 3171 tuit
649 3108 736 3171 inter
767 3124 893 3190 poenas
923 3110 1048 3173 temere
1079 3109 1293 3198 litigantium,
1324 3111 1481 3193 certaque

427 3228 564 3293 inerunt
586 3228 751 3293 actionum
772 3245 916 3316 genera,
941 3230 976 3293 in
998 3230 1115 3314 quibus
1136 3228 1275 3294 edendis
1299 3230 1404 3295 sotori
1430 3231 1481 3293 ius

429 3350 524 3437 erat,
551 3350 595 3414 ab
615 3346 825 3433 aduersario,
846 3351 874 3412 si
895 3351 989 3415 reete
1011 3353 1121 3416 aetum
1143 3354 1248 3438 esset,
1270 3353 1393 3415 certam
1417 3368 1483 3434 pe-

428 3472 545 3536 cuniae
567 3487 722 3535 summam
744 3486 873 3554 poenae
894 3472 1025 3536 nomine
1046 3472 1208 3555 stipulari.

489 3591 653 3675 Exemplo
673 3594 751 3654 sunt
771 3592 921 3657 notiones
942 3592 985 3657 de
1005 3597 1153 3678 pernota
1172 3597 1269 3658 certo
1290 3592 1424 3657 medua
1446 3596 1480 3656 et

428 3712 471 3776 de
505 3714 653 3797 pemndu
688 3717 895 3802 conutitutis,
938 3731 1073 3799 quarum
1102 3732 1198 3777 unam
1227 3712 1348 3787 terties
1375 3713 1480 3797 partis

428 3831 584 3898 babuisse
595 3832 816 3917 sponsionem,
825 3818 962 3900 alterum
971 3832 1123 3901 dimidiae
1132 3832 1237 3901 (iuius
1247 3836 1366 3898 suotor
1376 3825 1480 3918 esim),

461 4158 488 4214 a)
506 4158 584 4207 Comi.
600 4158 722 4222 exempla
734 4172 814 4223 supra
827 4160 923 4218 allata,
1016 4155 1060 4218 10)
1080 4157 1183 4206 Comm.
1194 4156 1238 4205 iv.
1250 4154 1278 4218 ὃ.
1287 4156 1346 4206 171.
1356 4171 1369 4201 s
1380 4170 1410 4206 er
1421 4159 1478 4221 qoi-

429 4260 454 4308 p.
465 4245 491 4295 7.
504 4251 559 4296 aot.
569 4246 596 4297 b.
606 4253 632 4298 sl
642 4246 712 4299 inira
724 4249 751 4298 b.
762 4244 790 4310 ὅ.
809 4252 864 4298 noi.
876 4247 923 4297 uli.
981 4244 1477 4307 «busdamoaussissponsionemiece-

429 4335 456 4384 in
475 4333 538 4385 iius.
982 4333 1212 4396 «repermissione
1229 4334 1304 4383 uelut
1317 4335 1350 4383 de
1364 4334 1476 4396 peouals
