3352 5276
410 485 471 548 106
524 481 620 586 Gap.
639 485 674 560 1.
727 482 901 559 Daiara
926 506 1088 558 caussae
1116 481 1380 571 Quinctianae.

253 682 372 735 norm
407 692 493 740 esse.
549 670 682 758 Quippe
713 674 800 739 bona
827 670 964 737 uendlta
993 690 1069 737 esso
1102 691 1199 738 nemo
1231 672 1477 759 contendebat,

407 814 516 880 nequo
537 796 690 881 cuiquam
713 796 747 858 ln
768 797 911 860 mentem
939 796 1072 878 ueniat,
1108 788 1302 860 Ciceronem
1331 795 1475 861 iuturam

407 918 554 982 fortasse
575 916 737 981 bonorum
759 914 984 981 uenditionem
1007 933 1051 980 ex
1068 914 1256 981 satisdandi
1278 917 1391 1002 inopia
1412 916 1477 982 de-

407 1041 612 1104 monstrare:
649 1035 737 1123 quod
769 1055 864 1122 quam
893 1037 1037 1101 alienum
1065 1039 1111 1101 sit
1137 1036 1291 1103 amento
1313 1039 1477 1123 oratoris,

407 1163 443 1226 in
464 1180 505 1226 eo
527 1162 667 1226 maxime
690 1161 900 1246 perspicuum
923 1162 993 1247 est,
1026 1158 1114 1245 quod
1145 1176 1219 1224 cum
1248 1161 1476 1224 ostentatione

409 1280 550 1368 quadam
586 1281 784 1367 praedicat,
829 1278 1020 1362 Quinctium
1056 1279 1101 1346 ad
1140 1279 1371 1346 satisdandum
1408 1299 1477 1345 non

408 1402 507 1468 modo
528 1402 682 1468 idoneum
703 1420 818 1466 uerum
840 1403 939 1466 etiam
961 1405 1114 1486 paratum
1145 1402 1268 1486 inisse,
1301 1400 1476 1469 dummodo

409 1492 517 1609 aequo
538 1526 610 1589 iure
636 1524 792 1607 utrinque
821 1524 1002 1589 obseruata
1028 1525 1264 1589 exlstimationi
1291 1525 1364 1589 elus
1390 1540 1477 1589 con-

410 1647 522 1712 sulere
543 1645 694 1710 Naeuius
714 1645 878 1711 uolulsset
890 1637 938 1723 ²⁰).

471 1765 522 1832 At
543 1784 625 1831 uero
647 1758 810 1854 uestigia,
830 1755 865 1829 in
889 1783 975 1851 quae
996 1764 1105 1833 adhuc
1124 1765 1315 1850 incidimus,
1338 1764 1477 1833 eandem

410 1888 519 1954 omnia
549 1890 678 1973 partem
708 1885 949 1952 demonstrant.
1006 1887 1101 1973 Ergo
1128 1886 1262 1955 tandem
1295 1886 1477 1953 secundum

409 2009 485 2074 illos
506 2010 706 2074 sententiam
729 2007 898 2095 dabimus,
932 2008 987 2094 qui
1013 2011 1150 2094 primam
1178 2010 1424 2094 possessionem
1456 2027 1477 2074 a

406 2130 572 2196 Praetore
601 2130 810 2215 impetratam
837 2131 1182 2215 proscriptionemque
1214 2131 1303 2197 illico
1326 2131 1477 2197 secutam

409 2253 663 2317 existimationis
685 2252 853 2317 interitum
876 2250 982 2316 fuisse
1004 2243 1243 2318 contendunt?

471 2372 625 2439 Nondum
659 2371 818 2458 expedita
849 2372 926 2437 milri
956 2391 1013 2439 res
1035 2377 1101 2438 est.
1154 2374 1313 2439 Nimirum
1342 2392 1415 2441 cum
1443 2376 1477 2441 in

408 2512 530 2561 caussa
552 2491 699 2576 Quinctii
723 2496 791 2567 tum
813 2496 849 2558 in
868 2495 941 2560 elus
955 2495 1037 2560 iuris
1051 2496 1183 2561 ratione
1198 2499 1276 2560 sunt
1295 2497 1478 2583 complura,

408 2634 494 2702 quae
516 2616 711 2706 diligentius
733 2617 832 2682 etiam
853 2616 1043 2701 reputanda
1064 2635 1141 2683 esse
1163 2616 1352 2683 uideantur.

471 2733 595 2804 Statim
631 2738 802 2823 occurrit,
844 2737 936 2823 quod
968 2757 1072 2823 supra
1108 2737 1279 2823 docuimus
1289 2731 1346 2822 ²¹),
1383 2740 1478 2805 cuius

408 2860 498 2925 bona
520 2857 791 2947 possiderentur,
818 2876 891 2923 eum
913 2860 1002 2924 intra
1024 2857 1097 2924 dies
1118 2861 1276 2949 triginta,
1305 2861 1396 2925 nulla
1416 2879 1478 2926 sa·

408 2979 590 3046 tisdatione
613 2980 741 3062 oblata,
773 2977 896 3045 ludiolo
923 2998 1000 3045 sese
1021 2979 1205 3048 defendere
1227 2981 1477 3047 aduersarium-

408 3120 473 3188 que
495 3099 538 3167 de
560 3100 776 3186 possessione
797 3098 969 3185 depellere
989 3103 1150 3187 potuisse.

472 3222 559 3287 Num
585 3240 666 3287 uero
698 3220 858 3287 credibile
887 3226 958 3305 est,
993 3223 1049 3307 qul
1080 3227 1222 3308 propter
1249 3225 1339 3290 bona
1367 3242 1477 3289 suaa

300 3424 307 3437 ⁶
410 3342 578 3412 creditore
599 3362 666 3408 uno
689 3343 883 3428 pluribusne
904 3362 1065 3429 possessa
1086 3363 1130 3410 ne
1144 3320 1330 3409 satisdandi
1346 3345 1476 3431 quidem

408 3466 613 3532 necessitate
646 3466 936 3551 obstrlngeretur‚
966 3485 1092 3552 neque,
1125 3484 1354 3552 quamcunque
1385 3468 1476 3532 litem

408 3590 628 3674 suscepturus
656 3589 764 3677 essct,
801 3586 846 3653 ad
878 3586 1042 3654 modicum
1076 3586 1140 3652 hoo
1172 3586 1358 3653 satisdandl
1393 3608 1478 3653 onus
1555 3570 1558 3575 ’

272 3798 275 3801 ¹
409 3730 470 3796 pro
493 3714 654 3796 suspecta
674 3727 822 3796 persona
843 3709 1043 3793 haberetur,
1067 3708 1207 3775 eundem
1229 3708 1293 3775 lroc
1316 3711 1390 3793 lpso
1404 3702 1476 3773 'iam
1579 3748 1591 3764 x

409 3834 559 3918 tempore
591 3834 692 3916 atque
721 3832 764 3897 ob
791 3850 889 3896 unam
916 3832 1005 3895 illam
1027 3849 1179 3896 caussam
1202 3850 1315 3895 eorum
1338 3849 1476 3895 numero

409 3953 531 4035 inisse,
567 3954 622 4038 qui
652 3955 685 4016 in
713 3971 809 4018 omne
832 3954 922 4017 uitae
945 3955 1076 4037 tempus
1098 3954 1344 4019 existimatione
1366 3953 1477 4018 iama-

410 4092 474 4160 que
496 4073 664 4160 destituti,
686 4075 867 4164 ignominia
890 4075 1013 4158 notati,
1036 4073 1178 4161 denique
1201 4075 1334 4159 publico
1356 4074 1476 4141 ciuium
1552 4052 1559 4061 ⁸

444 4343 489 4406 20)
510 4344 588 4395 Coni.
611 4358 691 4407 supra
709 4342 738 4405 ὃ.
760 4345 785 4393 1.
807 4359 832 4407 p.
851 4343 894 4393 21.
1007 4340 1052 4404 21)
1072 4341 1099 4405 d.
1120 4344 1145 4392 3.
1168 4358 1193 4405 p.
1214 4343 1258 4392 72.
