3420 5280
428 483 447 543 2
535 477 627 580 Ceap.
648 481 681 554 Ι.
734 478 794 552 De
820 484 903 554 iare
929 504 1087 555 caussae
1116 481 1375 569 Quinctianae.

366 724 370 733 ,
427 691 513 758 mus3
535 671 684 758 equidem
707 689 774 736 rem
796 673 883 735 inter
900 672 1021 754 primas
1037 687 1159 735 censeo
1174 669 1308 759 dignam
1326 691 1417 761 esse,
1439 672 1481 740 de

427 813 490 879 qua
512 795 701 859 accuratius
723 793 955 877 inuestlgetur.

278 915 351 1012 ,¹¹:ss
362 928 407 1012 Ἥ
488 888 557 980 Iam
581 933 622 979 ne
644 932 712 978 rem
734 916 881 997 repetam
903 913 1017 1001 altius,
1039 907 1234 996 docemur¹),
1256 914 1366 980 multis
1379 917 1481 982 antea

224 1020 233 1039 '
261 1032 407 1095 i⁰‘⁰.⁰⁰²⁸'⁰·
425 1039 533 1125 gestis
554 1035 686 1101 tandem
707 1034 756 1099 M.
778 1033 886 1098 'lollio
911 1033 1035 1099 lleeula
1057 1018 1116 1099 Cu.
1134 1033 1288 1099 Cornelio
1306 1035 1480 1102 Dolabella

245 1222 249 1231 ,
298 1169 367 1231 ,A
426 1153 536 1241 Coss,
570 1176 600 1222 a.
621 1177 653 1221 u.
682 1174 854 1220 rocexxrn.
887 1149 960 1239 (quo
990 1173 1077 1219 anno
1106 1153 1191 1220 baec
1219 1173 1339 1221 caussa
1368 1138 1478 1241 paullo

427 1282 544 1363 postea
556 1276 645 1343 dlcta
659 1272 723 1349 est)
740 1277 883 1359 priorum
898 1277 976 1338 annl
991 1278 1146 1340 mensium
1162 1276 1301 1361 quodum
1317 1276 1370 1343 die
1386 1274 1479 1344 Sex.

427 1406 493 1465 tum
507 1400 666 1464 Naeuium
685 1414 757 1462 cum
773 1395 889 1461 Publio
906 1394 1061 1477 Quinctio
1076 1415 1185 1463 coram
1198 1397 1370 1480 Praetore,
1385 1401 1479 1464 culus

426 1525 512 1586 inter
533 1523 624 1586 ciues
645 1517 827 1583 iurisdictio
849 1523 956 1600 esset,
984 1518 1043 1584 Cn.
1060 1519 1249 1602 Dolabella,
1270 1522 1479 1605 constitlsse3

424 1643 583 1709 Naeuium
601 1641 764 1706 actionem
776 1639 917 1722 aliquam
932 1638 1007 1723 (pro
1025 1641 1118 1706 socio
1135 1640 1237 1705 iuerlt
1253 1659 1296 1705 an
1313 1640 1355 1705 de
1373 1659 1479 1727 pecu-

424 1764 479 1829 nla
501 1765 594 1829 certa
615 1760 757 1836 credita,
780 1777 846 1823 non
869 1758 965 1825 huius
987 1760 1051 1826 locl
1070 1764 1122 1826 est
1137 1757 1315 1835 extrlcare)
1332 1760 1479 1828 dictatu-

423 1905 493 1949 rum
510 1885 628 1972 fuisse,
644 1885 779 1969 elusque
796 1885 943 1964 nomine,
959 1884 995 1946 ut
1011 1877 1186 1963 Quinctius
1201 1881 1377 1949 iudicatum
1393 1882 1478 1948 solul

423 2008 487 2072 slbi
500 2005 695 2088 satisdaret,
718 2005 956 2092 postulauisse,
979 2021 1130 2070 caussam
1143 2002 1311 2069 addldisse
1327 2004 1478 2070 lldlctum
1561 2032 1565 2039 ·

423 2126 613 2212 Praetoris,
644 2125 732 2212 quod
754 2125 801 2190 lta
821 2125 986 2191 satisdare
1008 2126 1137 2191 iuberet
1159 2143 1249 2209 eum,
1276 2127 1370 2191 culus
1392 2127 1479 2192 bona

423 2266 467 2314 cx
481 2246 602 2317 bldlcto
617 2246 790 2312 Praetoris
806 2246 878 2312 dies
897 2249 1037 2335 trlglnta
1053 2265 1211 2331 possesse
1227 2251 1351 2312 essent.
1373 2243 1478 2314 Simul

423 2372 564 2454 apparet
595 2365 781 2451 Quinctium
815 2372 965 2455 paratum
995 2369 1099 2434 lulsse
1125 2367 1277 2434 ludlelum
1307 2370 1478 2454 accipere,

424 2492 501 2575 quin
516 2493 626 2556 autem
640 2489 839 2574 satisdaret,
854 2507 1039 2570 recusasse,
1056 2490 1206 2575 quonlam
1221 2493 1372 2579 negaret,
1391 2491 1478 2556 bona

423 2631 484 2678 sua
506 2611 676 2696 pracdleto
699 2610 794 2676 modo
818 2629 977 2696 possessa
998 2629 1084 2676 esse.

485 2733 538 2803 aa
551 2735 794 2815 controuersla,
810 2750 882 2799 cum
897 2731 939 2798 ad
951 2733 1040 2798 litem
1055 2731 1268 2797 ordinandam
1285 2733 1478 2820 pertineret,

425 2855 572 2939 proxime
600 2853 781 2918 dirlmenda
811 2857 901 2939 erat,
933 2856 1055 2938 quippe
1084 2873 1148 2939 qua
1172 2852 1330 2938 expeditu
1351 2852 1478 2920 demum

424 2974 466 3040 de
488 2973 598 3039 indiell
618 2972 778 3039 reddendi
802 2974 907 3039 forma
931 2977 1112 3040 constaret.
1120 2969 1142 3053 ²)

257 3106 404 3217 fiffm'
486 3095 579 3183 Ergo
590 3094 732 3161 Praetor
748 3114 899 3163 causmm
910 3097 1080 3183 cognouit,
1092 3096 1260 3165 decretum
1271 3097 1478 3183 interposuit.

424 3216 465 3283 ld
487 3216 673 3295 decretum,
694 3216 792 3283 'lollii
813 3219 981 3284 sententia
996 3219 1245 3305 lniqnlsslmum,
1267 3219 1478 3305 praecipuam

425 3341 454 3404 el
477 3341 735 3425 perpetuamque
758 3340 909 3424 praebuit
929 3341 1068 3405 omnlum
1083 3341 1355 3426 querimonlarum
1369 3341 1478 3405 mate-

424 3462 515 3526 riam.
537 3459 754 3542 Quamobrem
774 3459 949 3525 uidendum
970 3461 1050 3538 erit,
1072 3463 1222 3546 primum,
1244 3461 1321 3548 quid
1335 3460 1479 3526 Praetor

425 3582 640 3671 damnent,
667 3580 787 3648 delnde
809 3581 885 3669 quid
906 3586 1060 3671 potuerit
1080 3583 1282 3671 accensere,
1309 3584 1477 3667 postremo

424 3704 500 3770 loeo
522 3701 599 3788 quid
621 3701 788 3803 debuerit.

460 3969 487 4035 1)
507 3972 573 4021 Vide
591 3985 616 4021 c.
635 3970 662 4021 8.
980 3973 1007 4022 ln
1027 3973 1153 4023 ualuersa
1167 3971 1216 4020 bac
1229 3983 1338 4030 caussa,
1360 3977 1477 4034 praeler-

459 4057 487 4123 2)
507 4060 605 4125 Aperte
632 4060 729 4111 falsum
760 4067 814 4123 est,
850 4061 923 4125 quod
979 4060 1477 4125 quampraesensdesponsione,nul·

425 4149 551 4200 nonnulli
570 4154 745 4213 putauerunt,
765 4151 798 4200 de
816 4164 845 4200 re
864 4152 923 4214 ipsa
979 4148 1383 4211 lamacceplumluiliudicium.
1398 4148 1476 4199 Conl.

426 4226 923 4300 autbllenumanleaautnuanuin·
979 4249 1004 4286 c·
1021 4236 1048 4286 b.
1068 4241 1133 4286 exlr.
1152 4237 1177 4287 7.
1197 4238 1239 4287 19.
1260 4238 1310 4286 sub
1327 4236 1375 4286 lin.
1389 4242 1415 4287 et
1433 4237 1475 4286 20.

426 4327 509 4378 elium
526 4327 654 4378 iudicium
672 4327 817 4391 accepisse.
835 4327 924 4376 lmmo
978 4325 1022 4375 21.
1034 4325 1079 4375 22.
1093 4331 1172 4389 atque
1184 4325 1345 4388 lnterpretes
1354 4325 1387 4374 ad
1397 4339 1421 4374 c.
1432 4325 1476 4374 20.
