3420 5280
724 1254 759 1340 S.
782 1256 817 1324 3.

243 1425 436 1497 Generalis
464 1422 634 1517 quaedum
660 1422 703 1486 de
730 1425 806 1485 ture
828 1419 992 1485 borrmmm
1021 1441 1044 1486 a
1073 1410 1300 1486 creditoribus

382 1568 467 1641 'cum
486 1545 773 1639 possidendorum
796 1546 872 1608 tum
892 1542 1161 1607 uerrdeudorom.

302 1738 402 1804 caius
424 1738 484 1801 111.
505 1740 552 1816 ss.
569 1735 712 1801 ‹77-81.
734 1731 933 1819 Theophilus
967 1730 1007 1795 aa
1028 1753 1076 1820 pa.
1097 1730 1124 1797 J.
1151 1732 1200 1797 ue
1224 1753 1303 1799 suc.

132 1851 134 1857 ’
240 1858 439 1929 cessionibus
460 1855 602 1928 sublatis.

305 2056 464 2149 Constat,
490 2056 637 2140 Quinctii
658 2057 746 2124 bana
768 2075 788 2123 a
808 2055 936 2122 Naeuio
962 2058 1010 2122 ita
1030 2075 1106 2122 esse
1127 2046 1303 2141 possessa,

240 2188 277 2247 ut
295 2202 338 2258 nc
364 2186 491 2268 tamen,
524 2200 622 2268 quum
643 2179 798 2247 iudicium
820 2180 1026 2265 propositum
1049 2182 1225 2268 ageretur,
1259 2177 1304 2244 ad

240 2303 463 2370 uenditionem
484 2323 589 2390 usque
612 2304 806 2387 peruentum
828 2304 928 2366 esset.
969 2299 1086 2385 Neque
1112 2319 1194 2366 uero
1223 2319 1304 2365 ora-

240 2429 295 2491 tor
315 2428 404 2491 intra
425 2427 473 2490 rei
500 2428 619 2510 gestae
641 2425 799 2488 terminos
822 2421 1080 2506 disputationem
1103 2439 1195 2485 suam
1218 2439 1303 2486 cun-

240 2548 359 2631 tinuit,
407 2548 501 2610 immo
537 2546 806 2629 frequentissime
842 2543 1063 2607 commoratur
1094 2557 1167 2605 cum
1198 2541 1232 2603 in
1263 2542 1304 2606 iis

242 2665 526 2750 demonstrandis,
549 2683 652 2750 quae,
684 2667 783 2748 prout
807 2662 908 2727 iudex
933 2663 1132 2728 sententiam
1154 2661 1304 2746 dederit,

242 2788 354 2851 futura
378 2787 461 2874 sint,
497 2788 565 2850 tum
591 2786 625 2849 in
651 2784 857 2869 deploranda
884 2804 1009 2850 summa
1037 2785 1096 2850 ilia
1128 2786 1303 2873 malorum,

243 2927 306 2991 qua
329 2906 504 2988 Quinctius
526 2880 738 2993 obrueretur,
771 2907 800 2970 si
823 2906 916 2971 'bona
937 2924 1015 2991 sua,
1044 2905 1132 2991 quod
1154 2905 1304 2991 cupidis·

239 3031 322 3094 sime
344 3029 537 3095 adfectasse
559 3028 706 3094 Naeuius
732 3029 954 3111 insimulatur,
974 3029 1169 3094 ueniissent.

303 3147 522 3231 Quamobrem
544 3148 632 3214 haud
654 3149 866 3215 mediocriter
886 3149 929 3214 ad
952 3138 1084 3237 pienum
1107 3149 1204 3214 huius
1224 3168 1305 3213 ora-

241 3273 343 3337 tionis
353 3272 557 3338 intellectum
572 3272 734 3356 pertinet,
751 3247 935 3337 absolutam
953 3270 1115 3357 quandam
1134 3272 1206 3337 eius
1224 3271 1305 3335 iuris

241 3395 416 3482 imaginem
439 3393 500 3458 sibi
518 3411 734 3475 comparare,
755 3411 864 3477 neque
892 3411 1025 3476 operam
1058 3392 1251 3478 perdemus,
1275 3394 1303 3459 si

241 3515 283 3579 dc
304 3516 400 3579 bonis
426 3513 655 3598 possidendis,
672 3513 938 3597 proscribendis,
952 3512 1138 3578 uendendis
1152 3516 1304 3597 omnique

242 3637 313 3700 eius
334 3638 383 3700 rei
412 3634 546 3717 ordine,
582 3636 674 3699 exitu
698 3637 732 3699 et
756 3634 908 3719 effectu,
931 3651 1015 3721 quae
1040 3633 1185 3701 Veteres
1209 3634 1305 3700 nobis

241 3756 450 3822 tradiderunt
486 3760 688 3840 nostraeque
724 3757 847 3821 aetatis
874 3757 1062 3839 ,scriptores
1085 3760 1304 3823 summatum

242 3879 358 3943 labore
381 3878 558 3965 fructuque
581 3879 800 3942 excoluerunt
820 3873 863 3957 ¹),
895 3878 1043 3943 breuiter
1072 3882 1106 3941 et
1129 3879 1221 3962 quasi
1245 3896 1305 3965 per

279 4181 308 4237 1)
333 4181 431 4235 Siieber
457 4183 476 4237 Ι,
505 4184 523 4235 Ι.
549 4199 576 4248 p·
604 4185 647 4239 54.
668 4199 744 4253 seqq.
802 4182 831 4248 b.
860 4186 904 4243 2⁹·
930 4200 955 4250 p.
983 4187 1041 4237 ³⁰5.
1068 4200 1144 4251 seqq.
1175 4185 1253 4237 Cous·
1270 4182 1302 4265 §3

244 4270 374 4323 simmaa
404 4269 422 4316 i.
451 4269 470 4317 Ι.
501 4269 530 4339 §¹
557 4274 599 4324 79.
630 4290 654 4337 p.
683 4277 743 4326 250.
801 4274 845 4327 26.
865 4291 894 4341 p.
913 4275 974 4327 282·
994 4288 1069 4341 seqq.

246 4370 322 4423 seqq.
364 4357 649 4427 Baiberdon-flottam
678 4363 696 4415 Ι.
725 4364 742 4413 Ι.
