3352 5276
236 653 354 706 ignominis.

392 454 453 519 101
505 449 599 552 Cup.
619 452 654 526 Ι.
706 449 767 525 De
792 453 877 525 iure
903 471 1064 525 caussae
1091 446 1355 536 Quinctianae.

451 642 534 708 Plus
557 640 650 728 dico,
686 641 720 705 in
748 642 822 725 ipso
852 641 924 705 eius
953 640 1214 724 sapientores
1236 638 1355 706 uideor
1376 640 1452 706 mihi

389 766 560 847 inuenire,
591 761 680 829 unde
709 763 896 828 luculenter
920 764 1101 849 appareat,
1134 761 1346 829 considerate
1367 780 1453 828 con-

389 887 545 969 sultoque
567 884 656 971 fieri,
677 887 714 948 ut
730 889 901 970 possessio
916 903 960 950 ac
972 888 1182 971 proscriptio
1197 882 1453 970 demonstretur,

388 1009 546 1076 uerodttto
569 1009 704 1092 penitus
726 1007 906 1072 omittatur.

454 1127 541 1212 Quid
573 1122 692 1196 enim‘i
729 1126 817 1214 quod
849 1128 1017 1212 excipitur
1052 1132 1110 1216 put
1140 1125 1294 1215 pttptlluu
1326 1125 1453 1216 fiuertt,

390 1257 486 1318 retue
509 1252 669 1339 posticae
695 1256 823 1317 caussa
850 1246 1032 1338 obfuerit,
1047 1268 1156 1340 oroque
1180 1249 1258 1315 cloio
1282 1248 1376 1315 muto
1395 1245 1455 1334 fe-

392 1378 480 1440 cerit
505 1393 569 1464 quo
594 1378 706 1459 mepte
732 1371 948 1459 reipublicae«
976 1390 1104 1438 causeo
1139 1371 1302 1456 abesset3
1343 1389 1456 1436 nonne

391 1496 577 1561 certissimo
601 1498 799 1583 argumento
821 1495 890 1580 est,
912 1491 954 1559 de
975 1496 1050 1579 ipsa
1068 1498 1286 1580 possessione
1305 1512 1350 1559 ae
1369 1511 1456 1579 pro-

307 1602 311 1611 ’
390 1622 580 1703 scriptione
604 1616 853 1705 legislatorem
873 1635 941 1680 non
963 1615 1079 1681 diem
1095 1617 1200 1681 solum
1222 1632 1337 1681 uerum
1357 1615 1457 1680 etiam

391 1734 550 1804 serotine?
585 1734 718 1822 Quippe
750 1740 780 1816 si
812 1736 855 1802 de
881 1738 1043 1803 bonorum
1071 1735 1264 1802 uenditione
1296 1737 1455 1824 sentiret,

361 1888 362 1893 ¹
393 1858 470 1945 quii
507 1861 643 1925 attinuit
674 1860 768 1924 ilias·
785 1877 950 1943 personas
982 1860 1161 1944 excipere,
1197 1875 1335 1943 quarum
1367 1859 1458 1924 bonu

300 2014 302 2023 ι
392 1979 572 2066 aliquando
591 1981 764 2068 possident
785 1978 933 2068 quidem,
964 1984 1001 2046 at
1027 1998 1201 2066 numquam
1226 1980 1334 2047 widi
1353 1980 1457 2048 licere

394 2103 562 2188 explorati
582 2103 665 2168 iuris
686 2094 776 2167 fuiti
788 2094 825 2182 ¹⁶)

458 2277 587 2361 Quibus
614 2282 803 2365 perspectis
827 2280 999 2367 sequitur,
1031 2283 1069 2345 ut
1094 2298 1246 2347 caussam
1267 2279 1355 2348 hanc
1377 2299 1459 2347 ora-

396 2402 584 2487 tionemque
606 2399 837 2484 Quinctianam
859 2402 1020 2467 intentius
1041 2404 1263 2491 excutiamus,
1289 2421 1364 2467 nam
1386 2420 1459 2467 eam

397 2543 528 2609 quoque
549 2524 592 2589 ab
614 2522 729 2589 eadem
752 2526 849 2608 parte
877 2526 978 2615 atque
1006 2525 1115 2613 legem
1144 2525 1261 2590 Iulium
1291 2523 1459 2609 praesidio

397 2649 526 2731 uocari,
548 2665 651 2730 supra
671 2647 812 2711 relatum
836 2648 898 2709 est.

460 2825 531 2888 Iam
561 2841 622 2907 per
649 2825 752 2888 totam
783 2825 965 2889 orationem
976 2817 1013 2903 46)
1050 2823 1179 2890 Tullius
1215 2843 1282 2889 non
1318 2823 1461 2890 affirmat

398 2947 526 3029 solum,
567 2942 628 3009 sed
662 2944 949 3010 uehementissime
985 2948 1084 3011 etiam
1120 2947 1356 3032 conqueritur,
1399 2963 1462 3032 per

399 3069 489 3133 illam
516 3068 747 3152 sponsionem,
783 3064 825 3131 de
852 3084 918 3152 quo
943 3066 1097 3133 iudicium
1124 3072 1194 3153 est,
1230 3087 1272 3134 ex
1294 3086 1333 3133 re
1346 3085 1462 3153 pecu-

401 3191 508 3254 niario
528 3190 648 3271 capitis
669 3205 820 3254 caussam
843 3206 918 3254 esse
940 3188 1108 3275 effectam,
1136 3207 1330 3274 omnemque
1352 3187 1461 3272 Quin-

402 3312 459 3377 ctii
481 3311 537 3401 agi
559 3311 679 3376 famam
700 3312 802 3393 utque
824 3310 1110 3377 existimationem.

467 3430 592 3501 Omitto
614 3434 763 3514 coetera,
795 3433 888 3497 uelut
910 3432 1156 3500 aduersarium
1175 3450 1300 3520 cupere
1324 3431 1462 3520 oueforte

406 3555 605 3636 Quinctium
633 3552 849 3642 interficere,
883 3558 997 3621 uttam
1028 3560 1064 3620 et
1094 3561 1302 3643 scroputnem
1328 3559 1463 3641 eripere

440 3860 485 3926 15)
504 3862 535 3913 1..
554 3862 580 3913 11.
600 3859 629 3925 1.
647 3863 673 3911 1.
694 3862 774 3925 Quib.
793 3874 824 3911 ex
844 3873 904 3911 cau.
963 3861 1055 3911 umato
1068 3860 1171 3924 obfuit:
1190 3861 1378 3925 intelligimus,
1392 3862 1462 3924 eius,

407 3952 435 4001 in
454 3965 498 4015 po.
513 3964 537 4000 o.
559 3947 688 4013 (Pactius)
708 3949 796 4001 «Cum
808 3950 907 4003 dicitur
963 3952 1030 4015 «qui
1049 3951 1112 4001 doto
1130 3951 1202 4002 muto
1220 3949 1353 4013 abfuerit,
1384 3964 1464 4015 posse

409 4040 465 4090 «Et
491 4041 548 4090 etos
577 4040 652 4088 cutus
685 4038 756 4088 tono
782 4051 907 4100 possesso
963 4040 1109 4095 euenire.»
1136 4066 1165 4077 -
1193 4038 1272 4092 Comi.
1296 4040 1328 4092 1..
1348 4039 1392 4091 35.
1424 4040 1465 4090 Do

410 4133 495 4179 nsunt
517 4141 536 4177 a
560 4126 751 4181 mutieribus,
779 4132 904 4182 omont,
963 4130 1027 4180 bon.
1048 4134 1151 4180 auctor.
1172 4130 1227 4180 iud.
1248 4144 1293 4194 po.

410 4233 424 4265 a
428 4221 619 4281 praeterquam
627 4215 727 4278 pupilli
739 4220 763 4266 et
777 4217 908 4279 1111,ᾳαί
997 4215 1043 4282 aa)
1063 4215 1142 4268 Comi.
1156 4232 1181 4268 c.
1194 4218 1220 4268 2.
1235 4218 1261 4269 6·
1275 4217 1301 4269 8.
1316 4219 1342 4270 9.
1357 4218 1400 4269 1³.
1419 4217 1463 4267 1u.

410 4322 423 4353 o
431 4306 592 4368 reipublicae
625 4318 723 4356 caussa
754 4306 811 4356 aine
846 4305 906 4355 doto
963 4307 1006 4358 15.
1027 4307 1071 4358 tu.
1089 4307 1133 4357 ii.
1153 4306 1197 4357 28.
1217 4307 1262 4357 ³1.
