3420 5280
269 750 277 788 l

310 760 347 798 spo

437 501 475 563 16
536 498 630 600 Cup.
655 500 689 573 1.
741 495 801 573 De
826 504 910 574 iure
935 523 1094 577 caussae
1123 499 1384 587 Quinctianae.

278 691 416 786 fflfflf·
496 688 678 756 Praeterea
692 688 888 754 admonendi
903 708 1024 769 sumus,
1038 689 1262 774 praeiudiciali
1274 695 1487 775 sponsionum

435 812 551 901 generi
566 815 645 877 tunc
661 828 790 896 quoque
803 812 909 876 locum
924 809 1043 893 fuisse,
1065 810 1196 896 quando
1213 813 1394 897 principale
1407 813 1487 878 iilud

435 935 498 1021 ius,
512 931 631 1018 dequo
646 931 811 1021 agendum
823 933 923 1019 esset,
937 932 1116 1009 sponsione
1126 931 1265 1017 quidem,
1280 935 1331 999 cul
1348 932 1488 998 formula

435 1053 753 1137 accommodaretur,
773 1051 956 1141 indigeret,
978 1069 1084 1137 neque
1102 1057 1212 1118 tamen
1226 1073 1338 1119 corum
1352 1073 1487 1119 numero

436 1179 537 1259 esset,
551 1178 586 1240 in
600 1175 729 1260 quibus,
744 1177 781 1238 ut
797 1191 905 1259 poena
918 1175 948 1239 is
964 1174 1092 1259 quicum
1106 1177 1220 1263 agitur
1233 1177 1488 1259 periclitaretur,

436 1298 649 1364 constitutum
671 1295 743 1361 fuit.
787 1294 877 1361 Ecce
899 1296 958 1361 tibi
979 1258 1102 1360 lnrem
1123 1298 1266 1362 actionis
1287 1299 1487 1383 exemplum,

437 1437 455 1484 e
480 1415 566 1486 Gaii
586 1418 855 1483 institutionibus
875 1434 977 1500 supra
997 1413 1189 1491 allatum²¹).

341 1549 389 1645 :1⁸⁵⁰
499 1538 614 1624 Atque
642 1537 726 1604 liaeo
754 1536 926 1603 hactenus
979 1535 1077 1604 Unde
1103 1538 1147 1604 ad
1168 1557 1319 1606 caussam
1341 1545 1488 1605 nostram

350 1608 407 1651 nn,
436 1658 518 1724 illud
538 1658 670 1724 uidetur
690 1656 892 1740 redundare,
914 1677 1008 1744 quam
1029 1661 1241 1745 sponsionem
1260 1660 1302 1725 de
1317 1663 1488 1747 proposita

436 1783 630 1867 quaestione
640 1779 815 1845 Dolabella
825 1779 894 1845 lieri
905 1781 1281 1866 iussitpotuitquemore
1290 1784 1324 1846 et
1335 1783 1487 1866 exemplo

434 1902 566 1986 iubere,
589 1919 660 1966 eam
680 1920 748 1966 non
767 1901 948 1987 pecoralem
972 1900 1033 1966 sed
1056 1902 1341 1988 praeiudictolem
1367 1903 1488 1984 fuisse3

434 2023 734 2106 restipulationem
754 2023 857 2109 igitur
877 2023 1000 2086 nullam
1021 2025 1215 2089 accessisse.

282 2169 303 2194 u·
318 2167 369 2194 unu
398 2152 416 2191 i·
499 2143 551 2209 iio
577 2162 657 2208 uero
683 2145 838 2228 sponsio,
866 2144 912 2206 uti
942 2144 984 2209 ab
1012 2145 1105 2209 initio
1134 2143 1218 2221 dixi,
1248 2144 1369 2230 duplici
1393 2143 1488 2209 modo

299 2220 327 2309 :n
381 2217 417 2250 ω’
436 2266 562 2330 institui
585 2265 703 2347 potuit.
746 2263 903 2328 Nimirum
923 2269 999 2330 uter
1012 2266 1234 2351 stipulatoris,
1255 2272 1331 2332 uter
1344 2268 1489 2349 promis-

436 2387 524 2452 soris
547 2387 662 2471 partes
683 2377 896 2471 susciperet?

496 2507 567 2572 lam
588 2505 671 2573 haec
692 2508 766 2592 ipsa
788 2509 938 2588 quaestio
961 2506 1091 2572 uidetur
1105 2509 1241 2592 propria
1255 2526 1331 2573 esse
1352 2510 1489 2593 praeiu-

435 2627 563 2695 dicislls
583 2626 721 2695 huiusce
742 2631 957 2713 sponsionum
977 2629 1124 2716 generis.

497 2750 581 2815 Nam
601 2750 753 2834 poenalis
772 2751 928 2834 sponsio,
950 2769 1046 2833 quum
1068 2749 1246 2816 coercendi
1266 2753 1338 2816 eius
1352 2768 1488 2835 caussa,

435 2873 563 2957 quicum
584 2872 716 2959 agitur,
737 2874 929 2953 comparata
949 2872 1010 2953 sit,
1031 2889 1163 2956 semper
1183 2873 1230 2937 ita
1250 2873 1284 2937 in
1304 2874 1375 2937 iure
1390 2874 1489 2936 insti-

434 2995 548 3057 tustur
568 3008 708 3056 neeesse
729 2992 798 3072 est,
823 2993 877 3075 ut,
899 2992 952 3074 qui
974 2992 1008 3053 in
1030 2992 1205 3076 principali
1223 3011 1344 3058 caussa
1364 2995 1490 3059 actoris

429 3115 542 3179 locum
563 3113 728 3195 obtinent,
749 3109 855 3176 eidem
880 3110 1092 3177 aduersarius
1114 3112 1286 3199 stipulanti
1309 3116 1488 3199 promittat.

496 3232 781 3299 Praeiudiciullurn
807 3251 886 3297 uero
907 3234 1121 3318 sponsionum
1145 3254 1241 3319 quuur
1264 3234 1400 3299 totidem
1421 3238 1488 3300 sint

435 3336 582 3423 actuosae¹
595 3374 636 3421 au
657 3354 801 3442 figurae,
822 3359 902 3439 quot
923 3360 1065 3438 possunt
1085 3358 1119 3419 in
1134 3357 1204 3421 iura
1219 3354 1359 3422 dieendo
1374 3359 1487 3420 uariae

434 3479 647 3562 quaestiones
661 3479 762 3560 atque
776 3477 1008 3541 contentiones
1019 3476 1176 3558 incidere,
1188 3484 1222 3543 ct
1233 3497 1329 3563 quum
1341 3479 1487 3561 plerum-

434 3598 640 3683 queliberum
650 3599 694 3662 sit
703 3595 875 3662 Praetoris
884 3598 1063 3678 arbitrium,
1072 3598 1113 3663 de
1122 3598 1279 3664 eiusmodi
1288 3603 1487 3665 controuer-

435 3720 484 3783 sia
505 3721 576 3802 ipse
598 3719 678 3783 uelit
696 3735 900 3806 cognoscere
916 3721 1016 3803 atquc
1031 3718 1227 3805 decernere,
1249 3737 1292 3784 an
1307 3721 1487 3804 sponsione

435 3838 503 3903 lieri
529 3841 619 3903 iussa
647 3837 745 3904 iudici
773 3841 941 3928 negotium
964 3838 1061 3922 dare,
1089 3842 1250 3904 alterutra
1268 3842 1398 3904 ratione
1420 3860 1486 3904 non

435 3958 479 4024 ad
492 3964 615 4027 certam
631 3962 710 4026 iuris
724 3980 885 4042 normam,
906 3978 1018 4025 uerum
1035 3981 1094 4045 pro
1108 3963 1265 4050 grauiore
1279 3967 1337 4027 aut
1351 3962 1487 4041 leuiore,

455 4249 514 4311 121)
533 4247 932 4311 Comm.lV.§.9³.Videsupru
989 4253 1016 4297 et
1035 4248 1061 4296 ln
1081 4249 1190 4298 Verrem
1210 4249 1238 4308 i,
1256 4249 1300 4297 45.

434 4333 873 4403 p.ii.tJonl'erusciia1niiridem§
886 4337 929 4386 91.
