3352 5276
218 525 256 602 s.
267 513 306 587 4.
324 508 385 588 De
396 509 444 585 P.
452 517 489 584 et
503 507 545 582 V.
557 509 639 582 bon.
653 504 945 622 -Sobrccinoe
956 509 1203 607 quaestiones.
1232 504 1272 569 8¹
1325 512 1328 519 '

278 697 383 769 Cuius
407 699 457 766 rei
486 698 542 763 nel
566 697 641 782 ipsa
661 694 763 780 haec,
798 697 834 761 in
855 715 920 782 qua
941 714 1131 779 uemnmur,
1167 698 1275 763 oratio
1293 701 1441 811 ffir-

220 822 284 889 duo
307 823 456 889 continet
478 819 645 905 exempla,
666 817 822 885 uidelicet
836 817 1006 884 Burrieni
1026 811 1177 898 unumtb,
1199 815 1276 884 Do·

219 944 366 1011 tabellae
386 944 527 1008 alterum
541 936 568 1015 ⁵)
591 939 776 1023 decretum,
811 938 853 1005 de
879 937 1108 1005 satisdationis
1136 941 1277 1006 contro-

218 1066 329 1132 uersia
350 1068 524 1150 utrumque
545 1060 729 1147 redditum3
761 1058 943 1146 eodemque
967 1079 1095 1149 genere
1115 1061 1276 1147 pleraque

218 1187 275 1252 ilia
296 1185 452 1272 inerunt,
485 1204 570 1272 quae
596 1182 709 1250 iudicii
740 1181 914 1247 ordinandi
941 1201 1063 1249 caussa
1089 1181 1161 1248 fieri
1181 1183 1276 1248 sole-

218 1292 314 1387 bant,
346 1308 542 1394 praesertim
564 1303 788 1392 quotidianum
808 1303 890 1370 iilud
912 1306 1118 1390 ommiumque
1138 1305 1276 1391 granis-

100 1452 104 1457 ·
217 1431 332 1495 simum
355 1427 541 1513 decretum,
576 1446 642 1513 quo
668 1426 810 1494 formula
831 1425 1081 1511 concipiebatur
1100 1423 1277 1493 iudicium-

218 1570 281 1637 que
296 1551 569 1627 ¹constituebatur
582 1544 619 1624 ⁶).

281 1707 447 1791 Quocirca
468 1711 502 1772 in
524 1725 645 1776 caussa
666 1708 840 1791 proposita
861 1710 916 1792 qui
937 1707 1114 1785 metuerit,
1134 1703 1276 1802 Burrie-

218 1850 294 1897 nnm
316 1830 509 1896 Praetorem
531 1830 727 1918 recognita
748 1827 955 1911 decreuisse,
976 1830 1014 1892 nt
1028 1824 1175 1909 Quinctii
1188 1827 1278 1893 bona

219 1971 263 2018 ex
283 1951 405 2018 Edicto
426 1950 599 2045 possidere
613 1951 741 2018 Naeuio
762 1952 815 2015 ius
836 1952 947 2035 esset,
967 1949 1117 2015 fateatur
1137 1967 1277 2017 neeesse

196 2079 292 2153 est,
323 2074 413 2138 illum
445 2092 506 2158 pro
535 2074 706 2158 potestate
732 2091 793 2138 sua
813 2071 996 2155 iudicasse,
1033 2068 1221 2152 Quinctium
1242 2072 1277 2137 in

218 2193 373 2261 Edictum
402 2195 621 2277 commisisse,
655 2192 812 2261 uidelicet
840 2197 876 2260 et
901 2193 1121 2259 uadimonium
1148 2190 1277 2259 Naeuio

218 2316 406 2384 deseruisse
428 2320 463 2383 et
483 2318 656 2384 absentem
677 2314 851 2382 defensum
871 2334 939 2389 non
961 2334 1046 2382 esse.

280 2439 330 2503 At
349 2457 432 2504 uero
462 2439 497 2503 in
523 2438 576 2503 his
607 2438 704 2523 quasi
732 2436 775 2502 de
796 2438 932 2526 integro
953 2436 1155 2522 quaerendis
1175 2440 1277 2523 atque

217 2558 460 2649 redarguendis
491 2555 664 2625 Ciceronis
695 2540 804 2623 oratio
843 2575 951 2642 paene
987 2560 1061 2622 tota
1100 2562 1275 2645 uersatur,

209 2698 327 2764 meque
357 2679 422 2745 hoc
455 2680 598 2744 oratoris
629 2679 843 2744 aberratione
875 2678 1075 2759 licentiaue,
1105 2680 1201 2743 immo
1234 2695 1277 2743 ex

219 2800 393 2885 proposito
413 2795 440 2874 ⁷)
460 2801 561 2885 atque
587 2799 661 2884 ipso
688 2797 852 2865 Praetore
883 2801 1039 2884 auctore,
1071 2801 1194 2886 quippe
1215 2803 1278 2887 qni

219 2922 447 3005 sponsionem,
479 2938 524 2986 ex
552 2938 618 3003 qna
642 2912 808 3008 agendum
837 2916 945 3008 esset,
981 2922 1080 2987 talem
1109 2920 1180 2988 fieri
1205 2925 1278 2989 ius-

218 3043 321 3125 serit,
364 3041 453 3127 quaii
483 3044 634 3127 quaestio
664 3042 772 3126 haec,
812 3045 985 3110 commissa
1016 3048 1132 3110 essent
1170 3061 1278 3111 neone
1385 3096 1387 3103 .

219 3182 304 3249 quae
330 3162 375 3228 ad
402 3164 491 3229 bona
518 3182 562 3229 ex
594 3162 714 3230 Edicto
741 3163 945 3249 possidenda
969 3166 1140 3248 ualerent,
1175 3185 1278 3250 prae-

251 3470 281 3529 t)
300 3484 325 3520 c.
344 3469 371 3520 ’1.
390 3474 457 3520 extr·
475 3469 519 3520 20.
535 3493 565 3506 -
581 3470 628 3520 ubi
640 3469 719 3520 Prae·
774 3471 869 3530 iareim
901 3485 955 3543 qpo
979 3470 1051 3522 iacto
1077 3472 1111 3522 de
1136 3473 1194 3536 ipsa
1213 3486 1277 3524 con·

217 3565 274 3622 tor,
304 3572 368 3610 oum
387 3558 498 3621 empna
514 3559 581 3608 iuris
601 3559 719 3623 (Μουκία
775 3560 908 3611 troueraia
927 3565 1051 3624 paratum
1070 3560 1278 3626 expeditumque

217 3653 306 3707 asset,
324 3649 416 3700 statim
433 3647 534 3697 morere
550 3652 720 3698 moeontro·
775 3647 846 3699 toret
875 3663 889 3699 e
919 3661 947 3701 ro
976 3636 1097 3702 inducto
1132 3652 1276 3703 dnnnrrs.

217 3734 333 3789 versiam
353 3735 470 3787 diremit·
776 3735 853 3788 Comi.
876 3751 958 3801 supra
976 3735 1005 3801 b.
1027 3740 1052 3789 1.
1072 3753 1098 3803 p.
1118 3739 1146 3790 3.
1165 3753 1241 3807 seqq.

252 3825 280 3880 5)
299 3837 324 3874 c.
342 3823 369 3874 8.
386 3850 414 3861 -
434 3823 481 3874 ubi
498 3822 625 3883 Praetor,
657 3833 720 3886 qao·
810 3821 839 3889 c)
869 3824 1274 3890 Coni.proTuitioe.'1.38.

217 3915 292 3964 nmen
307 3913 399 3963 naturis
414 3913 547 3977 manuque
564 3917 590 3961 ot
611 3911 678 3960 iaris
695 3916 720 3961 st
776 3913 811 3965 39
822 3912 931 3965 2131.
943 3916 973 3966 in
991 3916 1106 3971 Verrem.
1125 3918 1171 3979 11,
1190 3917 1234 3971 12.
1247 3918 1279 3969 de

217 4003 284 4063 sorti
311 4003 504 4065 quaestionibus
534 4000 719 4051 controuersia
775 4004 928 4055 inamtione
955 4005 1000 4067 11,
1037 4006 1080 4057 19.
1108 4006 1153 4057 20.
1201 4008 1276 4058 Oror.

219 4089 253 4140 da
271 4089 444 4140 satisdatione
461 4091 632 4153 praestanda
655 4103 719 4140 con·
773 4094 868 4157 partit,
893 4106 917 4143 c.
941 4091 985 4143 28.
1011 4095 1047 4144 ud
1066 4094 1226 4147 Herennium
1252 4098 1276 4159 1,

219 4177 344 4238 sistebat,
382 4178 511 4242 omnique
543 4184 639 4228 natura
669 4191 719 4229 sun
776 4183 819 4233 12.
857 4180 919 4234 Gai.
936 4182 990 4244 11¹,
1009 4183 1052 4235 57.
1069 4184 1114 4234 5³.

216 4267 369 4316 intricatior
385 4269 459 4326 orat,
486 4268 597 4329 moenio
620 4260 720 4317 decreto
809 4268 837 4336 7)
857 4271 934 4323 Cani.
954 4286 979 4322 c.
1000 4274 1043 4322 10.
1062 4279 1089 4324 et
1106 4275 1216 4337 passim.
1244 4252 1266 4295 's

217 4354 382 4418 rporuionern
401 4354 642 4418 modndioiumqaa
664 4356 721 4420 pieri

259 4462 382 4505 Samnitis,
400 4461 440 4502 Lib
461 4461 476 4499 1.
996 4462 1016 4522 6
