3352 5276
334 460 338 461 ’
398 459 459 523 1111)
509 454 604 559 cap.
626 457 661 532 l.
713 455 776 533 De
799 461 885 533 iare
908 480 1069 533 caaeeaa
1098 456 1359 545 Quinctianae.

229 660 376 758 affigo&
395 648 573 735 quinetiam
601 650 749 715 ueterem
783 666 905 715 census
936 647 1061 739 agend
1088 666 1209 714 morem
1239 648 1454 716 confirmandi

229 775 297 816 1111·
305 787 375 816 11111
395 788 516 838 caussa
537 768 727 841 adsciuerlt.

457 892 509 959 Ne
531 893 642 979 plura,
673 890 925 981 haudquaquam
947 891 1117 978 displicuit
1139 891 1215 957 milri
1237 892 1342 977 prima
1366 891 1454 961 facie

361 1086 365 1091 ,
395 1012 589 1100 supradicta
610 1013 764 1080 Virorum
779 1013 951 1081 doctorum
966 1015 1175 1101 coniectura,
1196 1030 1237 1080 ac
1252 1031 1358 1099 prope
1373 1013 1455 1100 afui,

395 1129 1098 1219 1101111111.80110110101111111111111011,
1129 1153 1173 1201 ne
1200 1153 1265 1221 quo
1292 1134 1365 1201 iure
1393 1128 1454 1202 (ti.

397 1257 532 1325 aaronis
559 1260 657 1324 aetas
685 1274 747 1323 usa
780 1232 1148 1343 01101,’11101111111110
1180 1255 1307 1322 Alfeno
1334 1256 1456 1322 fuisset

298 1357 301 1369 ¹
396 1397 571 1463 recusare,
602 1378 681 1465 quin
707 1376 885 1445 iudicatum
913 1379 1001 1445 solui
1028 1376 1156 1445 Naeuio
1183 1378 1369 1464 postulanti
1393 1395 1454 1444 sa-

396 1500 547 1586 tlsdaret.

459 1658 588 1727 Postea
607 1677 703 1742 uero,
739 1677 837 1744 quum
867 1657 1062 1744 supradicta
1082 1659 1141 1724 illa
1160 1659 1236 1726 loca
1256 1652 1376 1725 iterum
1397 1660 1455 1725 at-

398 1799 461 1867 que
489 1781 608 1846 iterum
636 1778 893 1866 perpenderem,
931 1783 966 1847 et
997 1781 1072 1847 aliis
1101 1798 1232 1866 quoque
1260 1779 1456 1863 conquisitis

397 1905 486 1969 inter
506 1921 544 1968 se
565 1902 769 1989 conferrem,
790 1900 933 1987 denique
955 1903 1143 1969 uniuersam
1163 1919 1304 1968 caussae
1326 1920 1455 1986 propo-

397 2026 483 2091 sitae
515 2028 550 2090 et
581 2024 805 2090 narrationem
837 2027 872 2089 et
903 2022 1132 2090 defensionem
1164 2024 1295 2090 curiose
1330 2040 1455 2089 mecum

398 2146 620 2230 reuoluerem,
646 2146 749 2210 uariis
770 2146 942 2213 momentis
963 2143 1096 2210 tandem
1118 2163 1159 2211 eo
1181 2140 1346 2211 adductus
1365 2163 1456 2230 sum,

398 2270 437 2332 ut
469 2285 596 2332 omnem
627 2267 716 2331 illam
745 2268 970 2333 coniecturam
1002 2285 1076 2334 cum
1107 2283 1128 2332 a
1159 2261 1305 2347 Quinctii
1335 2283 1457 2335 caussa

399 2391 467 2454 tum
488 2389 531 2455 ab
552 2391 710 2455 uniuersa
723 2384 894 2456 Ciceronis
915 2390 1028 2454 aetate
1049 2389 1257 2473 repellerem,
1278 2393 1456 2472 eorumque

398 2511 586 2576 sententiae
600 2508 810 2598 accederem,
832 2511 888 2595 qui
902 2508 1088 2575 iamdudum
1102 2509 1333 2576 iudicauerunt
1346 2525 1457 2597 nugas

398 2634 510 2722 egisse
530 2631 707 2716 Alfenum,
728 2651 826 2718 quum
848 2651 909 2717 pro
931 2630 1230 2715 satisdationem
1252 2633 1371 2698 iustam
1393 2629 1458 2697 de-

396 2754 581 2821 fensionem
601 2755 716 2839 utique
735 2755 942 2836 necessaria,
964 2766 1098 2819 carmen
1112 2752 1201 2818 istud
1217 2752 1370 2838 offerret,
1391 2770 1457 2837 quo

397 2893 543 2963 aequare
564 2873 702 2962 dicitur,
734 2893 883 2960 aratam
903 2893 977 2942 esse
997 2879 1260 2961 procuratorem
1280 2874 1457 2942 satisdare

399 2996 488 3087 qaod
508 3014 589 3063 reas
610 2995 787 3062 satisdare
806 3014 877 3061 11011
899 2995 1054 3081 dederet,
1074 3001 1106 3063 11
1127 3001 1203 3083 ipse
1225 2996 1373 3062 adescat.

462 3112 537 3198 Qua
561 3119 597 3182 in
623 3136 679 3202 re,
714 3115 757 3183 ad
786 3118 979 3203 propositae
1006 3118 1197 3203 sponsionis
1223 3115 1457 3184 iudicationem

400 3239 492 3304 nullo
514 3237 614 3304 dubio
635 3239 849 3329 grauissima,
877 3257 962 3324 quae
992 3214 1131 3305 maxime
1152 3236 1242 3324 apud
1264 3256 1316 3305 me
1337 3236 1459 3305 ualue-

400 3362 468 3426 rint
489 3361 703 3451 argumenta,
725 3361 915 3427 accuratius
936 3360 1122 3445 explicabo.

462 3520 533 3585 Iam
561 3520 665 3604 primo
697 3520 773 3586 loco
803 3516 885 3584 illud
917 3518 998 3586 iuris
1028 3523 1263 3608 praeceptum,
1296 3520 1465 3589 neminem,

399 3642 472 3706 sine
493 3639 713 3707 satisdatione
734 3639 887 3706 idoneum
908 3643 1039 3707 alienae
1058 3644 1108 3706 rei
1130 3641 1339 3711 defensorem
1365 3660 1458 3726 esse,

401 3760 490 3848 apud
512 3763 764 3829 iureconsultus
784 3761 862 3828 inde
883 3780 904 3828 a
928 3759 1014 3833 Gaii
1041 3765 1153 3831 aetate
1178 3765 1244 3830 tam
1266 3763 1459 3850 frequenter

436 4046 481 4114 ld)
500 4048 540 4101 Ad
558 4046 588 4113 5.
608 4053 634 4101 1.
653 4050 901 4103 lacescamus
957 4053 1011 4116 pit:
1032 4051 1163 4105 Ciceronis
1182 4057 1270 4104 aetate
1286 4058 1459 4104 cumcontra

389 4139 495 4202 uibus,
515 4139 562 4190 11111
573 4140 605 4189 V·
619 4140 651 4191 D.
663 4141 785 4204 allegatis
798 4142 901 4206 aliquot
957 4142 1092 4193 obtinuit?
1126 4141 1166 4205 Cf.
1186 4142 1275 4194 Cicero
1299 4155 1352 4205 pro
1376 4141 1460 4203 Quin·

400 4228 481 4290 locis,
511 4228 608 4293 quihus
632 4229 742 4292 uulgata
768 4230 835 4280 iuris
860 4243 901 4279 re·
956 4233 1007 4283 ctio
1025 4232 1051 4283 ’1.
1073 4257 1103 4268 -

400 4318 462 4381 pala
481 4318 667 4381 contineatur,
691 4330 822 4383 quaerere
841 4332 900 4382 per-
