3310 5280
426 494 468 564 o'o
495 492 669 564 oratione
693 514 767 591 pro
796 490 982 578 Quinctio.

280 681 399 747 locobi
428 678 580 767 Aoyosti
605 678 763 765 Thoanti,
791 682 913 764 postea
936 676 1173 762 Oolbertlnoa,
1201 681 1234 743 in
1254 687 1402 784 gigm-

1171 491 1229 552 aot

282 823 366 888 quo,
388 805 523 887 praeter
553 796 787 887 philosophica
814 800 975 887 quaedam
1005 796 1179 867 Ciceronis
1201 804 1235 865 et

283 923 410 1009 aliquot
428 923 605 1008 epistolas,
628 924 799 1001 orationes
821 924 1038 987 inueniuntur
1058 923 1179 1012 uiginti
1202 929 1236 987 et

281 1065 359 1131 una,
379 1065 469 1110 nono
491 1048 601 1109 autem
623 1044 699 1110 looo
722 1042 806 1109 haec
825 1041 1051 1129 Qulrrotiona,
1071 1046 1106 1108 ln
1129 1038 1236 1110 Cata-

282 1169 362 1257 logo
391 1159 556 1248 (Parisiis
585 1163 676 1251 liii.
706 1154 790 1247 iol.)
818 1164 875 1229 Pa
904 1165 970 1230 ΙΙΙ.
1001 1164 1083 1230 'lom
1112 1165 1170 1231 IV.
1203 1183 1235 1249 p.

281 1287 353 1350 396.
378 1287 420 1355 Ν.
443 1284 582 1361 7788.2).

203 1594 232 1662 2)
252 1597 329 1647 ldom
348 1602 389 1646 ost
406 1594 451 1644 hio
463 1593 570 1651 Codex,
592 1607 675 1658 quom

169 1686 221 1736 Ed.
245 1685 393 1734 Wundorus
411 1683 445 1732 ad
461 1683 612 1735 orationem
626 1696 675 1748 pro

170 1774 282 1823 Plancio
302 1773 330 1822 in
348 1770 501 1833 Prologom·
522 1785 550 1835 p.
570 1771 616 1822 IV.
636 1776 676 1821 ui·

171 1862 232 1912 tulit
254 1866 336 1924 atquo
359 1865 423 1909 uota
440 1860 490 1909 Po·
510 1860 674 1922 designauit.

171 1949 248 2011 Qnao
266 1950 348 1999 etiam
368 1960 464 1999 caussa
483 1947 552 2010 init,
572 1953 601 1998 ut
622 1949 676 2012 pri·

171 2051 216 2087 mo
234 2037 296 2087 loco
314 2050 377 2086 oum
396 2035 536 2098 afferrem,
564 2050 675 2100 quoma-

171 2126 212 2188 gis
232 2132 258 2176 ot
275 2125 428 2179 litterarum
447 2126 571 2176 ordinem
588 2130 615 2176 et
627 2139 675 2185 uo·

170 2219 226 2266 tam
253 2214 329 2264 illam
356 2227 558 2264 conseruarem·
596 2214 675 2277 Quod

170 2302 202 2352 V.
222 2302 254 2351 Ι).
275 2302 322 2352 illo
342 2301 369 2352 d.
385 2302 447 2352 looo
466 2303 580 2364 adiecit,
603 2303 675 2366 Qua-

172 2391 237 2440 ouis
257 2390 357 2454 pagina
380 2390 506 2454 pluruma
531 2392 615 2441 uerba
636 2397 675 2442 to·

171 2493 269 2529 «mero
281 2480 415 2540 omittit»,
429 2480 512 2529 otiam
520 2480 583 2533 huio
594 2480 673 2542 parti,

170 2581 224 2630 qua
243 2568 329 2617 oratio
348 2581 397 2630 pro
411 2567 538 2629 Quinctio
554 2567 676 2617 contina·

171 2659 229 2716 tur,
255 2654 427 2718 aliquatenus
446 2656 590 2714 conuenit;
617 2668 676 2705 rur·

171 2757 218 2793 sus
237 2748 328 2792 autom
350 2743 466 2792 maiores
488 2744 619 2805 quasdam
637 2744 675 2792 la·

171 2843 274 2890 onnus,
301 2831 414 2880 castoris
438 2843 525 2893 paona
548 2832 675 2882 omnibns

171 2932 348 2978 communes,
380 2920 545 2970 nonhabet.
583 2919 676 2971 Caeto-

171 3022 233 3057 rum
254 3008 432 3072 praooipuum
461 3013 503 3058 est
532 3009 557 3059 oi
583 3008 676 3060 Codioi

171 3097 254 3146 otiam
268 3096 400 3151 uetustius
418 3096 471 3146 hoo
488 3098 618 3148 orationis
634 3111 676 3148 ar·

173 3189 354 3247 gumentnm:

207 3273 328 3336 olnoipit
354 3273 441 3324 oratio
463 3272 502 3325 tt.
524 3274 556 3324 T·
576 3273 606 3325 C.
626 3287 676 3337 pro

172 3362 316 3423 «Quintio,
331 3361 408 3410 ouius
420 3367 611 3424 argumentum
622 3362 676 3412 hoo

172 3454 246 3500 oost.
283 3449 379 3499 Serius
404 3449 523 3501 Naeuius
545 3454 572 3500 ot
592 3450 676 3502 Gaius

172 3538 321 3601 «Quintius
345 3538 420 3587 cinos
445 3538 562 3589 Romani
591 3539 677 3591 souis·

172 3632 279 3677 statem
309 3630 445 3677 certarum
470 3640 577 3688 rernm,
609 3640 676 3690 quas

173 3716 224 3765 oin
243 3715 321 3764 Galia
339 3715 529 3779 possidebant,
557 3716 629 3765 inter
646 3729 676 3766 so

174 3804 345 3853 «iuiuorunt.
386 3803 513 3855 Decessit
529 3817 556 3864 g.
576 3804 608 3865 Q.
629 3803 674 3864 (G.

174 3887 336 3953 «Quintiusl
349 3891 444 3941 rolioto
462 3892 562 3942 harada
579 3893 676 3944 Publio

173 3979 318 4041 «Quintio.
355 3978 422 4029 Cum
441 3982 573 4030 rationem
592 3982 677 4032 socie·

173 4072 267 4126 otatts,
280 4074 363 4129 qnam
374 4067 441 4118 olim
452 4068 535 4120 iratur
543 4070 601 4119 eius
613 4083 676 4120 oon·

174 4160 316 4205 otrarorat
330 4168 394 4203 cum
412 4154 501 4207 Sortio
516 4158 588 4217 (Sor.
607 4159 677 4211 Nao-

175 4243 248 4297 uio),
266 4243 359 4293 nidore
372 4241 470 4304 uolitat,
491 4248 562 4308 qood
572 4253 679 4311 praetor

176 4347 189 4378 o
201 4344 277 4395 suom
295 4331 383 4381 inerat
397 4342 413 4379 a
427 4328 487 4379 Sor.
508 4334 540 4385 N.
559 4337 678 4398 quadam

733 1593 888 1658 «promissa
925 1593 1042 1656 poouuir
1076 1593 1234 1655 destitutus,

732 1683 958 1732 «circumuentus
976 1686 1017 1731 est
1029 1695 1128 1744 magna
1141 1681 1236 1732 fraudo

732 1774 929 1834 oatqnoartoa
942 1769 1002 1821 Sor.
1019 1768 1087 1820 Cum
1100 1771 1174 1820 anim
1187 1784 1236 1833 pro

733 1858 803 1909 «illa
829 1859 935 1909 rationo
962 1859 1123 1921 pecuniaria
1148 1859 1236 1920 litiga-

733 1952 816 2008 orot,
849 1946 1019 2010 fuissentquo
1038 1948 1072 1997 do
1097 1947 1236 1997 communi

734 2035 896 2087 «uoluntate
908 2036 1067 2086 uadimonia
1086 2035 1235 2096 dissoluta,

732 2130 782 2174 ost
800 2124 832 2186 Q.
855 2125 906 2175 itor
924 2125 1042 2189 cupisset
1061 2124 1089 2174 in
1107 2123 1234 2180 Galliam,

732 2213 873 2265 «Naeuius
902 2226 918 2263 a
936 2218 1061 2277 praetore
1080 2213 1236 2277 postulauit,

732 2308 787 2352 out
805 2302 857 2353 sibi
873 2316 905 2352 ex
918 2303 1050 2364 praetoris
1063 2303 1151 2353 odioto
1164 2303 1236 2352 bona

733 2390 860 2452 «Quintil
878 2391 1018 2453 possidere
1036 2390 1143 2453 liceret,
1173 2404 1235 2440 oum

732 2479 806 2528 «sibi
845 2479 1033 2528 uadimonium
1073 2479 1238 2528 deseruisset

732 2565 891 2627 «Quintius.
928 2566 1040 2616 Praetor
1052 2567 1236 2617 intoroodanto

733 2653 868 2716 «alieno,
885 2660 1061 2718 procuratore
1074 2653 1156 2704 Sextii
1165 2652 1235 2717 (sic),

733 2742 855 2792 «iniusto
878 2743 1012 2792 concessit
1036 2744 1237 2805 possessionem

733 2833 890 2890 «bonorum
903 2830 1006 2894 Quintii
1018 2831 1131 2883 Naeuio.
1153 2831 1237 2893 Quin·

732 2921 824 2981 otius,
852 2920 1052 2983 cumprimum
1071 2920 1099 2970 in
1119 2919 1236 2970 Galliam

732 3008 847 3065 «uouit,
869 3013 900 3057 ut
916 3013 1056 3072 tamquam
1078 3008 1169 3059 fratris
1189 3010 1236 3071 ho·

732 3108 801 3147 oros
819 3097 954 3147 bonorum
972 3097 1161 3147 communium
1176 3111 1236 3161 pos-

670 3198 672 3201 ·
732 3185 907 3236 «sessionem
924 3183 935 3247 11
953 3186 1055 3237 eiootus
1079 3186 1130 3236 fuit
1152 3198 1237 3236 manu

733 3275 943 3324 ooommuuium
953 3287 1095 3325 seruorum
1105 3275 1139 3324 do
1151 3275 1236 3326 fundo

732 3362 892 3425 ugolioauo·
936 3363 1050 3414 Volebat
1068 3364 1151 3427 igitur
1167 3363 1237 3415 Nao-

733 3451 818 3501 «uins
837 3452 908 3501 bona
927 3450 1032 3513 Quintil
1054 3464 1179 3515 possessa
1197 3451 1237 3501 di·

735 3552 836 3600 ocare,
862 3552 987 3589 asserens
1001 3552 1030 3589 so
1048 3554 1098 3602 par
1114 3540 1159 3590 30.
1178 3536 1237 3602 (rio)

733 3628 813 3678 odias
828 3628 917 3677 edicto
929 3629 1061 3691 praetoris
1070 3628 1143 3679 bona
1152 3628 1237 3691 Quin-

733 3717 787 3767 otii
816 3717 978 3780 possedisse·
1024 3717 1140 3771 Causam
1168 3717 1236 3769 Nao-

734 3805 796 3854 onii
820 3806 939 3866 agebant
965 3805 998 3868 Q.
1024 3805 1185 3857 Hortensius
1209 3811 1237 3856 ot

735 3894 790 3944 ol..
803 3894 953 3957 Philippus,
967 3895 1112 3945 clarissimi
1125 3902 1152 3946 ot
1164 3892 1236 3959 (spo-

734 3983 825 4032 ott'om
847 3996 966 4033 ooooom
981 3984 1025 4035 15.
1043 3985 1148 4036 circitor
1169 3985 1236 4034 litto-

734 4069 864 4136 ororom)
886 4078 1029 4131 oratores,
1058 4073 1156 4136 quihus
1181 4074 1235 4123 iam

736 4161 895 4210 «ueteranis
916 4165 943 4211 et
963 4162 1118 4224 potantibus
1141 4161 1236 4211 Ciooro

736 4249 848 4299 oadhuo
874 4250 981 4300 iunonis
1007 4262 1140 4300 annorum
1170 4249 1234 4309 22,

736 4344 785 4388 out
803 4337 887 4389 roiort
900 4338 1043 4400 otootoros
1060 4338 1133 4398 (sio)
1152 4336 1235 4399 Quin-
