3420 5280
447 534 485 610 s.
503 521 536 595 1.
588 518 734 595 Iudicii
756 522 863 620 oripo
888 528 925 594 et
950 527 1104 594 arctiora.
1269 515 1308 578 19

253 710 437 796 sponsione
460 709 601 794 peritum
622 709 763 795 aliquem
793 711 1034 795 probatumque
1062 705 1229 773 addixerit
1255 705 1477 809 1⁰·,1’m

252 831 370 911 diccm‚
402 833 456 899 cui
477 833 565 897 illius
585 831 634 896 rei
657 833 871 897 exactissima
898 830 1057 918 cognitio,
1085 828 1309 917 religiosaque
1328 819 1476 915 32⁸⁶*

252 936 408 1020 lu'dlcatio
431 956 465 1018 et
488 962 664 1038 praeterea
684 952 765 1017 nibil
787 970 888 1019 curae
910 956 1016 1034 esset3
1047 951 1141 1016 cuius
1166 947 1310 1034 denique

250 1077 419 1140 sententia
433 1076 505 1159 ipse
519 1093 640 1140 usurus
654 1092 761 1159 eoque
773 1071 987 1138 fundamento
998 1070 1196 1138 decreturus
1210 1071 1310 1135 esset:

251 1197 299 1281 is,
327 1194 420 1280 dico,
451 1197 669 1283 magistratus
701 1195 817 1275 officii,
844 1195 1033 1283 religionis,
1065 1190 1311 1276 modestiaeque

251 1319 364 1401 potius
376 1315 506 1383 laudem
521 1317 675 1405 merebit,
694 1335 788 1402 quam
803 1316 872 1381 ulla
886 1332 1036 1400 umquam
1050 1311 1312 1397 reprehensione

252 1436 374 1527 dignus
388 1439 590 1523 inuenietur;
611 1439 709 1504 unica
731 1438 880 1502 tortasse
897 1454 937 1501 ea
952 1437 1162 1520 exceptione,
1178 1436 1211 1499 si
1226 1432 1311 1499 adeo

252 1560 353 1643 plana
374 1563 475 1645 atque
497 1560 673 1643 explorata
694 1578 751 1625 res
772 1556 881 1646 esset,
902 1563 939 1623 ut
960 1558 1080 1624 bonum
1096 1561 1131 1622 et
1148 1560 1313 1622 constan-

253 1684 319 1747 tem
341 1682 570 1771 magistratum
592 1681 699 1767 magis
720 1678 872 1767 deceret,
893 1681 1022 1744 maturo
1046 1676 1182 1744 decreto
1205 1696 1312 1763 quse-

253 1803 393 1867 stionem
417 1801 587 1889 dirimere,
610 1820 705 1886 quem
725 1802 915 1887 sponsionis
928 1798 1188 1886 praeiudiciique
1202 1816 1312 1885 exop-

255 1926 358 1988 tatam
381 1941 503 1988 moram
528 1923 711 1988 calumniae
733 1921 935 1989 condonare.

316 2044 414 2110 Hanc
443 2063 589 2109 normam
621 2063 693 2110 oum
721 2043 766 2109 ad
794 2062 946 2111 caussam
972 2047 1120 2109 nostram
1151 2042 1313 2130 adhibeo,

253 2166 459 2232 Dolabellam
482 2184 604 2233 censeo
618 2168 712 2233 recte
727 2170 827 2254 atque
843 2166 958 2233 ordine
974 2168 1113 2247 fecisse,
1135 2167 1189 2253 qul
1205 2185 1313 2251 spon-

252 2290 378 2354 sionem
410 2288 479 2353 lieri
513 2291 659 2354 iusserit.
690 2289 844 2355 Nondum
878 2289 1008 2374 quidem
1028 2288 1133 2353 buius
1159 2289 1224 2354 loci
1258 2293 1314 2354 est

254 2408 453 2492 diiudicare,
484 2411 573 2476 bona
604 2407 751 2491 Quinctii
783 2429 827 2476 ex
857 2410 980 2476 Edicto
1007 2428 1166 2494 porsessa
1187 2410 1313 2476 tuerint

253 2524 375 2616 necne,
404 2530 437 2594 id
463 2533 574 2596 tamen
596 2536 677 2614 puto
700 2532 755 2595 uel
784 2532 920 2615 primum
949 2532 1077 2619 legenti
1107 2529 1206 2595 'lollii
1233 2548 1315 2595 ora-

253 2652 376 2715 tionem
399 2628 499 2715 lacile
520 2652 638 2733 patere
660 2649 760 2724 (sicut
788 2650 878 2714 infra
906 2652 1083 2735 perspicue
1098 2646 1315 2737 apparebit),

255 2768 344 2834 baud
365 2768 577 2836 mediocriter
598 2771 785 2837 intricatam
807 2773 909 2856 atque
930 2768 1094 2836 difficilem
1113 2771 1218 2837 luisse
1233 2748 1317 2855 pro-

256 2892 493 2975 positamillam
501 2893 739 2977 quaestionem,
755 2893 833 2977 quin
842 2895 939 2957 etiam
949 2893 1203 2977 probabiliorem
1210 2893 1316 2978 primo

254 3016 395 3098 aspectu
403 3012 519 3078 Naeuii
529 3032 623 3098 quam
636 3010 782 3094 Quinctii
790 3030 941 3080 caussam
956 3015 1099 3101 speeiem
1112 3015 1317 3099 praebulsse.

318 3132 430 3217 Quare
451 3135 570 3199 iniuria
585 3134 725 3200 'lollium
748 3133 812 3202 boc
832 3136 907 3201 loco
923 3134 1096 3201 Praetoris
1109 3136 1315 3221 iniquitatem

254 3256 454 3340 insimulare,
468 3258 645 3339 tantopere
661 3255 736 3320 mihi
753 3274 947 3342 persuasum
963 3260 1026 3340 est,
1040 3262 1078 3322 ut
1088 3257 1144 3322 uix
1160 3256 1315 3345 dubitem,
1334 3223 1356 3249 η
1366 3222 1383 3248 ⁸

255 3379 350 3464 quln,
372 3378 400 3441 si
423 3379 523 3441 missa
545 3379 726 3462 sponsione
747 3379 841 3444 breui
862 3397 960 3443 manu
983 3378 1158 3445 Dolabella
1186 3398 1229 3444 ex
1255 3399 1315 3445 sua

255 3500 449 3588 cognitione
471 3497 652 3564 decernere
677 3499 858 3586 uoluisset,
885 3498 1034 3564 Naeuius
1059 3502 1213 3584 superior
1242 3499 1316 3565 dis-

256 3638 413 3686 cessurus
433 3619 573 3703 fuisset,
594 3617 745 3704 adeoque
767 3617 943 3700 Quinctius
960 3619 1132 3685 Praetoris
1147 3639 1219 3687 cum
1233 3623 1315 3686 reli-

255 3743 347 3831 gioni
361 3744 429 3806 tum
444 3742 603 3825 aequitati
619 3742 723 3804 totum
739 3739 860 3807 debeat
875 3745 1047 3827 acceptum
1062 3742 1205 3827 referre,
1226 3742 1314 3828 quod

257 3861 430 3928 etiamdum
447 3863 511 3927 sibi
526 3862 626 3928 liceat
644 3879 794 3928 caussam
812 3862 996 3948 famamque
1012 3883 1104 3929 suam
1122 3863 1210 3950 apud
1225 3863 1314 3929 iudi-

257 4002 327 4050 cem
349 3982 542 4050 defendere.

320 4100 495 4171 Caeterum
517 4104 560 4170 ad
582 4105 670 4172 bunc
690 4107 799 4173 locum
814 4108 960 4191 pertinet
975 4101 1147 4174 Ciceronis
1161 4107 1312 4192 quercla,

259 4242 344 4310 quae
365 4226 399 4290 in
421 4242 450 4291 c.
464 4224 493 4289 2.
512 4228 674 4293 orationis
695 4231 876 4314 inuenitur,
904 4230 959 4295 ubi
981 4228 1153 4294 Praetoris
1173 4230 1311 4299 accusat

261 4349 505 4435 «iniquitatem
525 4352 561 4414 et
581 4354 764 4441 tortarium,
792 4352 882 4440 quod
902 4355 1025 4417 contra
1047 4354 1200 4416 omnium
1225 4369 1310 4415 con-
