3352 5276
898 1181 935 1271 S.
959 1183 995 1255 7.

450 1427 454 1433 -
491 1382 641 1472 Alfenus
663 1383 863 1470 catarnaum
880 1383 1062 1485 ‚abendam
1082 1391 1176 1453 recte
1204 1383 1401 1472 defenderit

887 1526 1004 1577 numu.
1243 1552 1250 1595 ,

416 1819 498 1885 aP.
520 1818 685 1885 Burrieno
709 1819 889 1904 Praetore,
918 1823 955 1884 ut
987 1820 1076 1886 bona
1104 1818 1250 1903 Quinctil
1278 1839 1322 1886 ex
1351 1819 1474 1888 Edicto

417 1940 623 2029 possideret,
643 1942 871 2028 impetrasset,
893 1958 934 2008 ac
955 1942 1044 2007 bona
1064 1942 1293 2027 proscribere,
1319 1942 1474 2031 singula-

416 2082 487 2128 rum
508 2081 616 2128 rerum
638 2065 885 2148 possessionem
906 2063 1160 2149 adprehendere
1176 2063 1361 2149 coepisset,
1382 2064 1473 2129 illico

417 2185 453 2249 et
483 2185 517 2247 ul
549 2202 711 2270 manuque
741 2186 983 2273 repugnaulsse
1012 2188 1047 2251 ct
1075 2186 1304 2271 procuratoris
1330 2186 1406 2251 loco
1435 2202 1473 2250 se

333 2350 337 2355 ·
418 2306 595 2389 obtulisse,
622 2304 743 2371 exinde
764 2306 799 2369 ln
820 2306 892 2371 iure
915 2323 988 2372 euru
1009 2306 1137 2372 Naeuio
1159 2307 1351 2374 constitisse
1371 2310 1473 2392 atque

416 2425 461 2492 ad
491 2426 709 2512 quodcunque
735 2427 888 2493 iudicium
917 2424 1063 2509 Quinctil
1089 2429 1220 2494 nomine
1245 2426 1473 2513 accipiendum

416 2552 568 2635 paratum
588 2566 626 2614 se
648 2548 853 2634 ostendisse3
875 2547 964 2634 quod
984 2551 1094 2616 autem
1112 2549 1261 2616 Naeuius
1276 2550 1474 2636 postularet,

415 2673 453 2753 ut
467 2649 645 2739 iudicatum
666 2672 752 2737 solui
774 2668 972 2757 satisdaret,
992 2673 1220 2756 recusaulsse,
1242 2675 1343 2756 atque
1365 2670 1474 2736 Prae-

415 2768 511 2878 tore,
546 2796 595 2858 uti
626 2794 774 2860 Naeuius
805 2794 1033 2878 postulasset,
1066 2792 1289 2878 decernente,
1321 2792 1475 2859 tribunos

416 2916 524 3000 plebis
554 2916 778 3000 appellauisse
785 2933 796 3002 3
831 2912 965 2980 tandem
996 2917 1083 2980 lusto
1111 2916 1353 2981 intercessione
1383 2911 1474 2979 haud

415 3038 569 3102 insecuta
589 3038 638 3102 ita
669 3035 853 3102 discessum
882 3054 969 3117 csse,
1001 3037 1038 3101 ut
1067 3034 1183 3102 Idibus
1204 3029 1473 3120 Septembribus,

417 3176 502 3243 quae
529 3160 700 3243 proximae
727 3160 855 3233 essent,
891 3154 1077 3240 Quinctium
1106 3158 1179 3223 sisti
1212 3155 1358 3223 Alienus
1388 3174 1473 3241 pro-

416 3281 563 3345 mitteret
576 3272 611 3359 1).

251 1711 398 1822 Qum
479 1698 534 1762 Ex
555 1696 647 1763 facto
669 1699 820 1782 constat,
841 1692 983 1763 Sextum
1004 1695 1180 1784 Alienum,
1206 1717 1304 1784 quum
1324 1699 1475 1765 Naeuius

10 2500 13 2543 l

9 2560 12 2603 l

296 3453 366 3493 ..a
479 3418 578 3506 Unde
599 3436 724 3523 duplex
746 3440 851 3504 oritur
873 3439 1042 3522 quaestio:

478 3598 606 3664 Prima:
627 3597 736 3664 Recte
757 3615 801 3663 an
822 3615 998 3683 perperam
1018 3595 1163 3664 Praetor
1183 3596 1387 3683 decreuerit,
1417 3596 1473 3681 qui

416 3718 594 3786 indicatum
621 3719 708 3785 solui
739 3718 867 3785 Naeuio
888 3718 1053 3785 satisdare
1082 3718 1239 3785 Alienum
1270 3720 1473 3805 procurato-

416 3859 486 3906 rem
507 3842 652 3906 iusserlt.

480 3960 616 4031 Altera:
638 3956 677 4028 Si
698 3963 792 4028 recte
813 3961 939 4027 dixeris
961 3961 1165 4051 decreuisse,
1186 3965 1295 4028 utrum
1316 3965 1365 4027 ita
1378 3979 1474 4028 com-

416 4086 537 4168 parata
557 4083 707 4170 luerunt,
737 4102 822 4170 quae
844 4087 922 4170 post
944 4082 1114 4150 decretum
1134 4084 1298 4151 redditum
1319 4085 1474 4151 euenisse

451 4350 1105 4420 ommanmmmmmm
