<?xml version="1.0" encoding="UTF-8"?>
<!DOCTYPE html PUBLIC "-//W3C//DTD XHTML 1.0 Transitional//EN"
    "http://www.w3.org/TR/xhtml1/DTD/xhtml1-transitional.dtd">
<html xmlns="http://www.w3.org/1999/xhtml" xml:lang="en" lang="en">
 <head>
  <title>
</title>
<meta http-equiv="Content-Type" content="text/html;charset=utf-8" />
  <meta name='ocr-system' content='tesseract 3.04.00' />
  <meta name='ocr-capabilities' content='ocr_page ocr_carea ocr_par ocr_line ocrx_word'/>
</head>
<body>
  <div class='ocr_page' id='page_1' title='image "./semestriumadmtu01kellgoog_0202.png"; bbox 0 0 3310 5280; ppageno 0'>
   <div class='ocr_carea' id='block_1_1' title="bbox 253 462 1268 569">
    <p class='ocr_par' dir='ltr' id='par_1_1' title="bbox 253 462 1268 569">
     <span class='ocr_line' id='line_1_1' title="bbox 253 462 1268 569; baseline -0.006 -31"><span class='ocrx_word' id='word_1_1' title='bbox 253 476 290 553; x_wconf 77' lang='lat' dir='ltr'><strong>s.</strong></span> <span class='ocrx_word' id='word_1_2' title='bbox 314 466 352 539; x_wconf 86' lang='lat'><strong>9.</strong></span> <span class='ocrx_word' id='word_1_3' title='bbox 380 462 562 564; x_wconf 79' lang='lat' dir='ltr'><strong>Defensio</strong></span> <span class='ocrx_word' id='word_1_4' title='bbox 587 467 628 538; x_wconf 80' lang='lat' dir='ltr'><strong>in</strong></span> <span class='ocrx_word' id='word_1_5' title='bbox 652 474 785 565; x_wconf 84' lang='lat' dir='ltr'><strong>portos</strong></span> <span class='ocrx_word' id='word_1_6' title='bbox 811 469 983 568; x_wconf 76' lang='lat' dir='ltr'><strong><em>locosque</em></strong></span> <span class='ocrx_word' id='word_1_7' title='bbox 1009 466 1167 569; x_wconf 79' lang='lat' dir='ltr'><strong>diposta.</strong></span> <span class='ocrx_word' id='word_1_8' title='bbox 1208 471 1268 533; x_wconf 84' lang='lat'><strong>183</strong></span> 
     </span>
    </p>
   </div>
   <div class='ocr_carea' id='block_1_2' title="bbox 200 656 1429 1719">
    <p class='ocr_par' dir='ltr' id='par_1_2' title="bbox 202 656 1429 983">
     <span class='ocr_line' id='line_1_2' title="bbox 203 656 1429 767; baseline 0.004 -48"><span class='ocrx_word' id='word_1_9' title='bbox 203 672 312 740; x_wconf 83' lang='lat' dir='ltr'><strong>neque</strong></span> <span class='ocrx_word' id='word_1_10' title='bbox 339 656 578 744; x_wconf 81' lang='lat' dir='ltr'><strong>obligationem</strong></span> <span class='ocrx_word' id='word_1_11' title='bbox 606 658 797 741; x_wconf 76' lang='lat' dir='ltr'><strong>susceptam</strong></span> <span class='ocrx_word' id='word_1_12' title='bbox 826 676 933 742; x_wconf 86' lang='lat' dir='ltr'><strong>neque</strong></span> <span class='ocrx_word' id='word_1_13' title='bbox 964 659 1096 723; x_wconf 90' lang='lat' dir='ltr'><strong>omnino</strong></span> <span class='ocrx_word' id='word_1_14' title='bbox 1120 677 1269 725; x_wconf 83' lang='lat' dir='ltr'><strong>consen·</strong></span> <span class='ocrx_word' id='word_1_15' title='bbox 1288 668 1429 767; x_wconf 43' lang='lat'><strong>⁹3:223-</strong></span> 
     </span>
     <span class='ocr_line' id='line_1_3' title="bbox 203 778 1335 867; baseline 0.003 -24"><span class='ocrx_word' id='word_1_16' title='bbox 203 797 275 843; x_wconf 90' lang='lat' dir='ltr'><strong>sum</strong></span> <span class='ocrx_word' id='word_1_17' title='bbox 308 779 382 842; x_wconf 88' lang='lat' dir='ltr'><strong>siue</strong></span> <span class='ocrx_word' id='word_1_18' title='bbox 413 782 568 865; x_wconf 79' lang='lat' dir='ltr'><strong>rogatum</strong></span> <span class='ocrx_word' id='word_1_19' title='bbox 600 779 672 843; x_wconf 90' lang='lat' dir='ltr'><strong>siue</strong></span> <span class='ocrx_word' id='word_1_20' title='bbox 704 778 988 844; x_wconf 88' lang='lat' dir='ltr'><strong>accommodatum</strong></span> <span class='ocrx_word' id='word_1_21' title='bbox 1022 782 1269 867; x_wconf 87' lang='lat' dir='ltr'><strong>interuenisse,</strong></span> <span class='ocrx_word' id='word_1_22' title='bbox 1288 783 1335 821; x_wconf 72' lang='lat'>‘⁵⁰¹-</span> 
     </span>
     <span class='ocr_line' id='line_1_4' title="bbox 202 893 734 983; baseline -0.004 -18"><span class='ocrx_word' id='word_1_23' title='bbox 202 902 287 965; x_wconf 88' lang='lat' dir='ltr'><strong>satls</strong></span> <span class='ocrx_word' id='word_1_24' title='bbox 309 899 386 963; x_wconf 93' lang='lat' dir='ltr'><strong>mibi</strong></span> <span class='ocrx_word' id='word_1_25' title='bbox 408 917 603 983; x_wconf 83' lang='lat' dir='ltr'><strong>persuasum</strong></span> <span class='ocrx_word' id='word_1_26' title='bbox 627 893 734 978; x_wconf 78' lang='lat' dir='ltr'><strong>est³³).</strong></span> 
     </span>
    </p>

    <p class='ocr_par' dir='ltr' id='par_1_3' title="bbox 200 1018 1270 1719">
     <span class='ocr_line' id='line_1_5' title="bbox 276 1018 1269 1109; baseline 0.005 -24"><span class='ocrx_word' id='word_1_27' title='bbox 276 1018 370 1102; x_wconf 81' lang='lat' dir='ltr'><strong>Quae</strong></span> <span class='ocrx_word' id='word_1_28' title='bbox 402 1039 484 1086; x_wconf 90' lang='lat' dir='ltr'><strong>uero</strong></span> <span class='ocrx_word' id='word_1_29' title='bbox 520 1022 593 1087; x_wconf 89' lang='lat' dir='ltr'><strong>eius</strong></span> <span class='ocrx_word' id='word_1_30' title='bbox 623 1022 752 1108; x_wconf 80' lang='lat' dir='ltr'><strong>negotii</strong></span> <span class='ocrx_word' id='word_1_31' title='bbox 785 1021 926 1109; x_wconf 79' lang='lat' dir='ltr'><strong>gerendi</strong></span> <span class='ocrx_word' id='word_1_32' title='bbox 958 1026 1080 1089; x_wconf 86' lang='lat' dir='ltr'><strong>exacta</strong></span> <span class='ocrx_word' id='word_1_33' title='bbox 1111 1024 1197 1089; x_wconf 90' lang='lat' dir='ltr'><strong>ratio</strong></span> <span class='ocrx_word' id='word_1_34' title='bbox 1235 1029 1269 1090; x_wconf 90' lang='lat' dir='ltr'><strong>et</strong></span> 
     </span>
     <span class='ocr_line' id='line_1_6' title="bbox 201 1141 1268 1230; baseline 0.006 -25"><span class='ocrx_word' id='word_1_35' title='bbox 201 1141 311 1230; x_wconf 79' lang='lat' dir='ltr'><strong>ligura</strong></span> <span class='ocrx_word' id='word_1_36' title='bbox 332 1142 450 1227; x_wconf 87' lang='lat' dir='ltr'><strong>fuerit,</strong></span> <span class='ocrx_word' id='word_1_37' title='bbox 480 1144 554 1228; x_wconf 84' lang='lat' dir='ltr'><strong>quis</strong></span> <span class='ocrx_word' id='word_1_38' title='bbox 575 1161 677 1227; x_wconf 88' lang='lat' dir='ltr'><strong>porro</strong></span> <span class='ocrx_word' id='word_1_39' title='bbox 707 1145 742 1208; x_wconf 91' lang='lat' dir='ltr'><strong>in</strong></span> <span class='ocrx_word' id='word_1_40' title='bbox 769 1145 912 1229; x_wconf 89' lang='lat' dir='ltr'><strong>publicis</strong></span> <span class='ocrx_word' id='word_1_41' title='bbox 932 1144 1182 1210; x_wconf 88' lang='lat' dir='ltr'><strong>uenditionibus</strong></span> <span class='ocrx_word' id='word_1_42' title='bbox 1202 1165 1268 1211; x_wconf 92' lang='lat' dir='ltr'><strong>ua-</strong></span> 
     </span>
     <span class='ocr_line' id='line_1_7' title="bbox 201 1260 1270 1354; baseline 0.004 -28"><span class='ocrx_word' id='word_1_43' title='bbox 201 1266 465 1333; x_wconf 88' lang='lat' dir='ltr'><strong>riussociorum</strong></span> <span class='ocrx_word' id='word_1_44' title='bbox 492 1284 573 1330; x_wconf 87' lang='lat' dir='ltr'><strong>usus</strong></span> <span class='ocrx_word' id='word_1_45' title='bbox 582 1260 639 1349; x_wconf 73' lang='lat'><strong>³⁴),</strong></span> <span class='ocrx_word' id='word_1_46' title='bbox 676 1267 747 1331; x_wconf 90' lang='lat' dir='ltr'><strong>eius</strong></span> <span class='ocrx_word' id='word_1_47' title='bbox 774 1264 905 1350; x_wconf 89' lang='lat' dir='ltr'><strong>quidem</strong></span> <span class='ocrx_word' id='word_1_48' title='bbox 927 1265 1179 1354; x_wconf 79' lang='lat' dir='ltr'><strong>disputationis,</strong></span> <span class='ocrx_word' id='word_1_49' title='bbox 1212 1270 1270 1330; x_wconf 92' lang='lat' dir='ltr'><strong>in-</strong></span> 
     </span>
     <span class='ocr_line' id='line_1_8' title="bbox 201 1385 1268 1473; baseline 0.003 -23"><span class='ocrx_word' id='word_1_50' title='bbox 201 1389 344 1454; x_wconf 90' lang='lat' dir='ltr'><strong>tricatae</strong></span> <span class='ocrx_word' id='word_1_51' title='bbox 365 1405 448 1452; x_wconf 89' lang='lat' dir='ltr'><strong>sane</strong></span> <span class='ocrx_word' id='word_1_52' title='bbox 470 1405 579 1472; x_wconf 88' lang='lat' dir='ltr'><strong>neque</strong></span> <span class='ocrx_word' id='word_1_53' title='bbox 601 1386 645 1452; x_wconf 86' lang='lat' dir='ltr'><strong>ad</strong></span> <span class='ocrx_word' id='word_1_54' title='bbox 671 1387 937 1473; x_wconf 86' lang='lat' dir='ltr'><strong>perspiciendum</strong></span> <span class='ocrx_word' id='word_1_55' title='bbox 961 1385 1108 1469; x_wconf 78' lang='lat' dir='ltr'><strong>Quinctil</strong></span> <span class='ocrx_word' id='word_1_56' title='bbox 1130 1391 1182 1453; x_wconf 91' lang='lat' dir='ltr'><strong>ius</strong></span> <span class='ocrx_word' id='word_1_57' title='bbox 1203 1408 1268 1453; x_wconf 89' lang='lat' dir='ltr'><strong>ne-</strong></span> 
     </span>
     <span class='ocr_line' id='line_1_9' title="bbox 200 1507 1266 1596; baseline 0.001 -22"><span class='ocrx_word' id='word_1_58' title='bbox 200 1511 385 1595; x_wconf 87' lang='lat' dir='ltr'><strong>cessariae,</strong></span> <span class='ocrx_word' id='word_1_59' title='bbox 409 1507 494 1572; x_wconf 89' lang='lat' dir='ltr'><strong>diem</strong></span> <span class='ocrx_word' id='word_1_60' title='bbox 516 1512 615 1596; x_wconf 89' lang='lat' dir='ltr'><strong>pcto,</strong></span> <span class='ocrx_word' id='word_1_61' title='bbox 637 1508 713 1573; x_wconf 92' lang='lat' dir='ltr'><strong>dum</strong></span> <span class='ocrx_word' id='word_1_62' title='bbox 736 1512 769 1573; x_wconf 89' lang='lat' dir='ltr'><strong>et</strong></span> <span class='ocrx_word' id='word_1_63' title='bbox 792 1508 914 1574; x_wconf 86' lang='lat' dir='ltr'><strong>futuris</strong></span> <span class='ocrx_word' id='word_1_64' title='bbox 935 1512 1016 1574; x_wconf 89' lang='lat' dir='ltr'><strong>meis</strong></span> <span class='ocrx_word' id='word_1_65' title='bbox 1037 1508 1157 1574; x_wconf 89' lang='lat' dir='ltr'><strong>studiis</strong></span> <span class='ocrx_word' id='word_1_66' title='bbox 1178 1511 1266 1575; x_wconf 88' lang='lat' dir='ltr'><strong>alio-</strong></span> 
     </span>
     <span class='ocr_line' id='line_1_10' title="bbox 200 1629 1266 1719; baseline 0 -25"><span class='ocrx_word' id='word_1_67' title='bbox 200 1650 337 1716; x_wconf 90' lang='lat' dir='ltr'><strong>rumque</strong></span> <span class='ocrx_word' id='word_1_68' title='bbox 367 1630 520 1696; x_wconf 88' lang='lat' dir='ltr'><strong>doctrina</strong></span> <span class='ocrx_word' id='word_1_69' title='bbox 547 1632 744 1696; x_wconf 83' lang='lat' dir='ltr'><strong>instructior</strong></span> <span class='ocrx_word' id='word_1_70' title='bbox 771 1629 814 1695; x_wconf 88' lang='lat' dir='ltr'><strong>ad</strong></span> <span class='ocrx_word' id='word_1_71' title='bbox 844 1630 1075 1696; x_wconf 86' lang='lat' dir='ltr'><strong>illustrandam</strong></span> <span class='ocrx_word' id='word_1_72' title='bbox 1100 1634 1266 1719; x_wconf 82' lang='lat' dir='ltr'><strong>integram</strong></span> 
     </span>
    </p>
   </div>
   <div class='ocr_carea' id='block_1_3' title="bbox 201 1748 768 1826">
    <p class='ocr_par' dir='ltr' id='par_1_4' title="bbox 201 1748 768 1826">
     <span class='ocr_line' id='line_1_11' title="bbox 201 1748 768 1826; baseline -0.002 -9"><span class='ocrx_word' id='word_1_73' title='bbox 201 1752 301 1817; x_wconf 80' lang='lat' dir='ltr'><strong>&#39;Pullii</strong></span> <span class='ocrx_word' id='word_1_74' title='bbox 324 1753 507 1817; x_wconf 87' lang='lat' dir='ltr'><strong>orationem</strong></span> <span class='ocrx_word' id='word_1_75' title='bbox 530 1770 707 1818; x_wconf 89' lang='lat' dir='ltr'><strong>accessero</strong></span> <span class='ocrx_word' id='word_1_76' title='bbox 716 1748 768 1826; x_wconf 73' lang='lat'><strong>³⁵),</strong></span> 
     </span>
    </p>
   </div>
   <div class='ocr_carea' id='block_1_4' title="bbox 199 1889 1433 2343">
    <p class='ocr_par' dir='ltr' id='par_1_5' title="bbox 199 1889 1433 2343">
     <span class='ocr_line' id='line_1_12' title="bbox 264 1889 1433 1999; baseline -0.002 -44"><span class='ocrx_word' id='word_1_77' title='bbox 264 1889 394 1972; x_wconf 75' lang='lat' dir='ltr'><strong>Quarto</strong></span> <span class='ocrx_word' id='word_1_78' title='bbox 423 1892 498 1958; x_wconf 91' lang='lat' dir='ltr'><strong>loco</strong></span> <span class='ocrx_word' id='word_1_79' title='bbox 528 1896 643 1961; x_wconf 86' lang='lat' dir='ltr'><strong>orator</strong></span> <span class='ocrx_word' id='word_1_80' title='bbox 671 1893 869 1986; x_wconf 70' lang='lat' dir='ltr'><strong>grauissime</strong></span> <span class='ocrx_word' id='word_1_81' title='bbox 896 1892 1014 1958; x_wconf 90' lang='lat' dir='ltr'><strong>Naeuii</strong></span> <span class='ocrx_word' id='word_1_82' title='bbox 1037 1893 1188 1957; x_wconf 88' lang='lat' dir='ltr'><strong>iniuriam</strong></span> <span class='ocrx_word' id='word_1_83' title='bbox 1211 1893 1265 1955; x_wconf 88' lang='lat' dir='ltr'><strong>in·</strong></span> <span class='ocrx_word' id='word_1_84' title='bbox 1284 1901 1433 1999; x_wconf 38' lang='lat' dir='ltr'><strong>,xemena-</strong></span> 
     </span>
     <span class='ocr_line' id='line_1_13' title="bbox 199 2011 1265 2100; baseline -0.003 -22"><span class='ocrx_word' id='word_1_85' title='bbox 199 2017 366 2095; x_wconf 86' lang='lat' dir='ltr'><strong>sectatur,</strong></span> <span class='ocrx_word' id='word_1_86' title='bbox 402 2017 457 2099; x_wconf 85' lang='lat' dir='ltr'><strong>qui</strong></span> <span class='ocrx_word' id='word_1_87' title='bbox 487 2015 677 2100; x_wconf 86' lang='lat' dir='ltr'><strong>priusquam</strong></span> <span class='ocrx_word' id='word_1_88' title='bbox 706 2013 901 2079; x_wconf 80' lang='lat' dir='ltr'><strong>Praetorem</strong></span> <span class='ocrx_word' id='word_1_89' title='bbox 931 2013 974 2079; x_wconf 92' lang='lat' dir='ltr'><strong>de</strong></span> <span class='ocrx_word' id='word_1_90' title='bbox 1000 2014 1096 2079; x_wconf 91' lang='lat' dir='ltr'><strong>bonis</strong></span> <span class='ocrx_word' id='word_1_91' title='bbox 1118 2011 1265 2095; x_wconf 79' lang='lat' dir='ltr'><strong>Quinctii</strong></span> 
     </span>
     <span class='ocr_line' id='line_1_14' title="bbox 200 2133 1265 2222; baseline 0.001 -23"><span class='ocrx_word' id='word_1_92' title='bbox 200 2133 412 2219; x_wconf 81' lang='lat' dir='ltr'><strong>possidendis</strong></span> <span class='ocrx_word' id='word_1_93' title='bbox 433 2135 591 2221; x_wconf 87' lang='lat' dir='ltr'><strong>adiisset,</strong></span> <span class='ocrx_word' id='word_1_94' title='bbox 627 2139 661 2200; x_wconf 91' lang='lat' dir='ltr'><strong>in</strong></span> <span class='ocrx_word' id='word_1_95' title='bbox 684 2135 825 2203; x_wconf 85' lang='lat' dir='ltr'><strong>Galliam</strong></span> <span class='ocrx_word' id='word_1_96' title='bbox 847 2138 973 2202; x_wconf 87' lang='lat' dir='ltr'><strong>miserit</strong></span> <span class='ocrx_word' id='word_1_97' title='bbox 996 2138 1052 2222; x_wconf 86' lang='lat' dir='ltr'><strong>qui</strong></span> <span class='ocrx_word' id='word_1_98' title='bbox 1073 2137 1265 2220; x_wconf 89' lang='lat' dir='ltr'><strong>posscssio-</strong></span> 
     </span>
     <span class='ocr_line' id='line_1_15' title="bbox 199 2256 1264 2343; baseline 0.001 -22"><span class='ocrx_word' id='word_1_99' title='bbox 199 2275 273 2322; x_wconf 89' lang='lat' dir='ltr'><strong>nem</strong></span> <span class='ocrx_word' id='word_1_100' title='bbox 295 2276 356 2342; x_wconf 92' lang='lat' dir='ltr'><strong>pro</strong></span> <span class='ocrx_word' id='word_1_101' title='bbox 378 2276 416 2321; x_wconf 87' lang='lat' dir='ltr'><strong>se</strong></span> <span class='ocrx_word' id='word_1_102' title='bbox 438 2256 747 2342; x_wconf 74' lang='lat' dir='ltr'><strong>adprehenderent,</strong></span> <span class='ocrx_word' id='word_1_103' title='bbox 776 2258 927 2343; x_wconf 86' lang='lat' dir='ltr'><strong>adeoque</strong></span> <span class='ocrx_word' id='word_1_104' title='bbox 950 2258 1121 2343; x_wconf 84' lang='lat' dir='ltr'><strong>effecerit,</strong></span> <span class='ocrx_word' id='word_1_105' title='bbox 1148 2261 1186 2323; x_wconf 95' lang='lat' dir='ltr'><strong>ut</strong></span> <span class='ocrx_word' id='word_1_106' title='bbox 1207 2260 1264 2322; x_wconf 89' lang='lat' dir='ltr'><strong>uix</strong></span> 
     </span>
    </p>
   </div>
   <div class='ocr_carea' id='block_1_5' title="bbox 198 2377 1264 2465">
    <p class='ocr_par' dir='ltr' id='par_1_6' title="bbox 198 2377 1264 2465">
     <span class='ocr_line' id='line_1_16' title="bbox 198 2377 1264 2465; baseline 0.001 -22"><span class='ocrx_word' id='word_1_107' title='bbox 198 2378 309 2443; x_wconf 89' lang='lat' dir='ltr'><strong>triduo</strong></span> <span class='ocrx_word' id='word_1_108' title='bbox 332 2383 576 2464; x_wconf 83' lang='lat' dir='ltr'><strong>postea-quam</strong></span> <span class='ocrx_word' id='word_1_109' title='bbox 598 2378 743 2445; x_wconf 88' lang='lat' dir='ltr'><strong>Praetor</strong></span> <span class='ocrx_word' id='word_1_110' title='bbox 764 2379 940 2463; x_wconf 89' lang='lat' dir='ltr'><strong>possidere</strong></span> <span class='ocrx_word' id='word_1_111' title='bbox 963 2383 1133 2465; x_wconf 90' lang='lat' dir='ltr'><strong>iussisset,</strong></span> <span class='ocrx_word' id='word_1_112' title='bbox 1156 2377 1264 2461; x_wconf 78' lang='lat' dir='ltr'><strong>Quin-</strong></span> 
     </span>
    </p>
   </div>
   <div class='ocr_carea' id='block_1_6' title="bbox 198 2499 1003 2568">
    <p class='ocr_par' dir='ltr' id='par_1_7' title="bbox 198 2499 1003 2568">
     <span class='ocr_line' id='line_1_17' title="bbox 198 2499 1003 2568; baseline 0 -3"><span class='ocrx_word' id='word_1_113' title='bbox 198 2502 286 2565; x_wconf 88' lang='lat' dir='ltr'><strong>ctius</strong></span> <span class='ocrx_word' id='word_1_114' title='bbox 307 2500 349 2566; x_wconf 93' lang='lat' dir='ltr'><strong>de</strong></span> <span class='ocrx_word' id='word_1_115' title='bbox 370 2499 475 2566; x_wconf 81' lang='lat' dir='ltr'><strong>tundo</strong></span> <span class='ocrx_word' id='word_1_116' title='bbox 498 2503 532 2564; x_wconf 96' lang='lat' dir='ltr'><strong>in</strong></span> <span class='ocrx_word' id='word_1_117' title='bbox 555 2500 667 2568; x_wconf 87' lang='lat' dir='ltr'><strong>Gallia</strong></span> <span class='ocrx_word' id='word_1_118' title='bbox 689 2501 897 2566; x_wconf 86' lang='lat' dir='ltr'><strong>deiiceretur.</strong></span> <span class='ocrx_word' id='word_1_119' title='bbox 925 2536 927 2543; x_wconf 86' lang='lat'><em>·</em></span> <span class='ocrx_word' id='word_1_120' title='bbox 998 2504 1003 2509; x_wconf 78' lang='grc'><strong><em>’</em></strong></span> 
     </span>
    </p>
   </div>
   <div class='ocr_carea' id='block_1_7' title="bbox 196 2712 704 4369">
    <p class='ocr_par' dir='ltr' id='par_1_8' title="bbox 196 2712 704 4369">
     <span class='ocr_line' id='line_1_18' title="bbox 233 2712 704 2776; baseline 0.002 -14"><span class='ocrx_word' id='word_1_121' title='bbox 233 2712 280 2770; x_wconf 88' lang='grc'><strong>33)</strong></span> <span class='ocrx_word' id='word_1_122' title='bbox 306 2713 451 2763; x_wconf 85' lang='lat' dir='ltr'><strong>Diuersam</strong></span> <span class='ocrx_word' id='word_1_123' title='bbox 483 2726 594 2776; x_wconf 89' lang='lat' dir='ltr'><strong>prorsus</strong></span> <span class='ocrx_word' id='word_1_124' title='bbox 623 2714 704 2763; x_wconf 76' lang='lat' dir='ltr'><strong>ratio·</strong></span> 
     </span>
     <span class='ocr_line' id='line_1_19' title="bbox 198 2801 704 2867; baseline 0.004 -18"><span class='ocrx_word' id='word_1_125' title='bbox 198 2814 263 2850; x_wconf 88' lang='lat' dir='ltr'><strong>nem</strong></span> <span class='ocrx_word' id='word_1_126' title='bbox 284 2801 450 2867; x_wconf 77' lang='lat' dir='ltr'><strong>Burnoufiua</strong></span> <span class='ocrx_word' id='word_1_127' title='bbox 473 2803 526 2852; x_wconf 88' lang='lat' dir='ltr'><strong>hoc</strong></span> <span class='ocrx_word' id='word_1_128' title='bbox 545 2803 607 2852; x_wconf 91' lang='lat' dir='ltr'><strong>loco</strong></span> <span class='ocrx_word' id='word_1_129' title='bbox 626 2816 704 2852; x_wconf 87' lang='lat' dir='ltr'><strong>secu·</strong></span> 
     </span>
     <span class='ocr_line' id='line_1_20' title="bbox 197 2890 703 2954; baseline 0.004 -15"><span class='ocrx_word' id='word_1_130' title='bbox 197 2895 241 2939; x_wconf 87' lang='lat' dir='ltr'><strong>tus</strong></span> <span class='ocrx_word' id='word_1_131' title='bbox 259 2895 308 2942; x_wconf 87' lang='lat' dir='ltr'><strong>est.</strong></span> <span class='ocrx_word' id='word_1_132' title='bbox 351 2890 457 2954; x_wconf 83' lang='lat' dir='ltr'><strong>Quippe</strong></span> <span class='ocrx_word' id='word_1_133' title='bbox 482 2904 577 2941; x_wconf 85' lang='lat' dir='ltr'><strong>ueram</strong></span> <span class='ocrx_word' id='word_1_134' title='bbox 604 2905 703 2954; x_wconf 87' lang='lat' dir='ltr'><strong>suppo·</strong></span> 
     </span>
     <span class='ocr_line' id='line_1_21' title="bbox 198 2978 702 3031; baseline 0.008 -4"><span class='ocrx_word' id='word_1_135' title='bbox 198 2980 238 3028; x_wconf 90' lang='lat' dir='ltr'><strong>nit</strong></span> <span class='ocrx_word' id='word_1_136' title='bbox 256 2980 391 3030; x_wconf 88' lang='lat' dir='ltr'><strong>bonorum</strong></span> <span class='ocrx_word' id='word_1_137' title='bbox 411 2978 503 3031; x_wconf 79' lang='lat' dir='ltr'><strong>Alieni</strong></span> <span class='ocrx_word' id='word_1_138' title='bbox 524 2982 702 3031; x_wconf 85' lang='lat' dir='ltr'><strong>emendorum</strong></span> 
     </span>
     <span class='ocr_line' id='line_1_22' title="bbox 198 3068 704 3120; baseline 0.006 -4"><span class='ocrx_word' id='word_1_139' title='bbox 198 3068 355 3118; x_wconf 82' lang='lat' dir='ltr'><strong>societatem</strong></span> <span class='ocrx_word' id='word_1_140' title='bbox 394 3068 465 3118; x_wconf 88' lang='lat' dir='ltr'><strong>inter</strong></span> <span class='ocrx_word' id='word_1_141' title='bbox 508 3069 640 3120; x_wconf 82' lang='lat' dir='ltr'><strong>Naeuium</strong></span> <span class='ocrx_word' id='word_1_142' title='bbox 676 3074 704 3119; x_wconf 90' lang='lat' dir='ltr'><strong>et</strong></span> 
     </span>
     <span class='ocr_line' id='line_1_23' title="bbox 198 3156 701 3218; baseline 0.004 -13"><span class='ocrx_word' id='word_1_143' title='bbox 198 3156 701 3218; x_wconf 82' lang='lat' dir='ltr'><strong>Quinctiumcontractumluisse‚eam</strong></span> 
     </span>
     <span class='ocr_line' id='line_1_24' title="bbox 198 3245 701 3296; baseline 0.004 -3"><span class='ocrx_word' id='word_1_144' title='bbox 198 3258 265 3295; x_wconf 90' lang='lat' dir='ltr'><strong>uero</strong></span> <span class='ocrx_word' id='word_1_145' title='bbox 294 3250 382 3294; x_wconf 82' lang='lat' dir='ltr'><strong>astuto</strong></span> <span class='ocrx_word' id='word_1_146' title='bbox 414 3245 553 3295; x_wconf 84' lang='lat' dir='ltr'><strong>Ciceronis</strong></span> <span class='ocrx_word' id='word_1_147' title='bbox 586 3247 701 3296; x_wconf 89' lang='lat' dir='ltr'><strong>consilio</strong></span> 
     </span>
     <span class='ocr_line' id='line_1_25' title="bbox 198 3333 702 3397; baseline 0.006 -15"><span class='ocrx_word' id='word_1_148' title='bbox 198 3333 338 3397; x_wconf 84' lang='lat' dir='ltr'><strong>turpisque</strong></span> <span class='ocrx_word' id='word_1_149' title='bbox 355 3334 458 3396; x_wconf 76' lang='lat' dir='ltr'><strong>negotii</strong></span> <span class='ocrx_word' id='word_1_150' title='bbox 480 3335 583 3397; x_wconf 90' lang='lat' dir='ltr'><strong>pudore</strong></span> <span class='ocrx_word' id='word_1_151' title='bbox 602 3337 638 3384; x_wconf 84' lang='lat' dir='ltr'><strong>ita</strong></span> <span class='ocrx_word' id='word_1_152' title='bbox 657 3348 702 3385; x_wconf 83' lang='lat' dir='ltr'><strong>ex-</strong></span> 
     </span>
     <span class='ocr_line' id='line_1_26' title="bbox 197 3408 703 3485; baseline 0.002 -15"><span class='ocrx_word' id='word_1_153' title='bbox 197 3422 319 3482; x_wconf 82' lang='lat' dir='ltr'><strong>tenuari,</strong></span> <span class='ocrx_word' id='word_1_154' title='bbox 339 3427 368 3471; x_wconf 92' lang='lat' dir='ltr'><strong>ut</strong></span> <span class='ocrx_word' id='word_1_155' title='bbox 384 3436 449 3471; x_wconf 82' lang='lat' dir='ltr'><strong>casu</strong></span> <span class='ocrx_word' id='word_1_156' title='bbox 468 3425 554 3485; x_wconf 83' lang='lat' dir='ltr'><strong>magis</strong></span> <span class='ocrx_word' id='word_1_157' title='bbox 573 3424 601 3473; x_wconf 91' lang='lat' dir='ltr'><strong>in</strong></span> <span class='ocrx_word' id='word_1_158' title='bbox 621 3408 703 3472; x_wconf 83' lang='lat' dir='ltr'><strong>istam</strong></span> 
     </span>
     <span class='ocr_line' id='line_1_27' title="bbox 197 3511 700 3573; baseline 0.002 -14"><span class='ocrx_word' id='word_1_159' title='bbox 197 3511 354 3560; x_wconf 83' lang='lat' dir='ltr'><strong>societatem</strong></span> <span class='ocrx_word' id='word_1_160' title='bbox 382 3512 510 3561; x_wconf 86' lang='lat' dir='ltr'><strong>incidisse</strong></span> <span class='ocrx_word' id='word_1_161' title='bbox 543 3512 700 3573; x_wconf 83' lang='lat' dir='ltr'><strong>Quinctium</strong></span> 
     </span>
     <span class='ocr_line' id='line_1_28' title="bbox 196 3601 700 3663; baseline 0.004 -16"><span class='ocrx_word' id='word_1_162' title='bbox 196 3612 279 3661; x_wconf 83' lang='lat' dir='ltr'><strong>quam</strong></span> <span class='ocrx_word' id='word_1_163' title='bbox 309 3612 358 3648; x_wconf 75' lang='lat' dir='ltr'><strong>sus</strong></span> <span class='ocrx_word' id='word_1_164' title='bbox 386 3606 481 3662; x_wconf 90' lang='lat' dir='ltr'><strong>sponte</strong></span> <span class='ocrx_word' id='word_1_165' title='bbox 513 3601 580 3650; x_wconf 89' lang='lat' dir='ltr'><strong>socii</strong></span> <span class='ocrx_word' id='word_1_166' title='bbox 612 3606 700 3663; x_wconf 83' lang='lat' dir='ltr'><strong>partes</strong></span> 
     </span>
     <span class='ocr_line' id='line_1_29' title="bbox 197 3688 698 3748; baseline 0.004 -13"><span class='ocrx_word' id='word_1_167' title='bbox 197 3689 301 3748; x_wconf 83' lang='lat' dir='ltr'><strong>egisse,</strong></span> <span class='ocrx_word' id='word_1_168' title='bbox 321 3688 472 3738; x_wconf 84' lang='lat' dir='ltr'><strong>simuletur.</strong></span> <span class='ocrx_word' id='word_1_169' title='bbox 510 3688 555 3738; x_wconf 87' lang='lat' dir='ltr'><strong>Sic</strong></span> <span class='ocrx_word' id='word_1_170' title='bbox 574 3689 647 3738; x_wconf 87' lang='lat' dir='ltr'><strong>enim</strong></span> <span class='ocrx_word' id='word_1_171' title='bbox 666 3689 698 3737; x_wconf 88' lang='lat' dir='ltr'><strong>ad</strong></span> 
     </span>
     <span class='ocr_line' id='line_1_30' title="bbox 196 3773 697 3840; baseline 0.006 -17"><span class='ocrx_word' id='word_1_172' title='bbox 196 3773 222 3823; x_wconf 90' lang='lat' dir='ltr'><strong>b.</strong></span> <span class='ocrx_word' id='word_1_173' title='bbox 235 3788 259 3823; x_wconf 88' lang='lat' dir='ltr'><strong>c.</strong></span> <span class='ocrx_word' id='word_1_174' title='bbox 273 3775 317 3824; x_wconf 68' lang='grc'><strong>23.</strong></span> <span class='ocrx_word' id='word_1_175' title='bbox 331 3777 363 3826; x_wconf 81' lang='lat' dir='ltr'><strong>V.</strong></span> <span class='ocrx_word' id='word_1_176' title='bbox 376 3776 410 3825; x_wconf 85' lang='lat' dir='ltr'><strong>D.</strong></span> <span class='ocrx_word' id='word_1_177' title='bbox 430 3774 470 3840; x_wconf 89' lang='lat' dir='ltr'><strong>(in</strong></span> <span class='ocrx_word' id='word_1_178' title='bbox 491 3777 540 3826; x_wconf 82' lang='lat' dir='ltr'><strong>ild.</strong></span> <span class='ocrx_word' id='word_1_179' title='bbox 561 3776 598 3826; x_wconf 90' lang='lat' dir='ltr'><strong>Le</strong></span> <span class='ocrx_word' id='word_1_180' title='bbox 611 3777 697 3833; x_wconf 83' lang='lat' dir='ltr'><strong>Clerc,</strong></span> 
     </span>
     <span class='ocr_line' id='line_1_31' title="bbox 196 3862 698 3928; baseline 0.01 -18"><span class='ocrx_word' id='word_1_181' title='bbox 196 3862 307 3912; x_wconf 80' lang='lat' dir='ltr'><strong>Parisiis</strong></span> <span class='ocrx_word' id='word_1_182' title='bbox 326 3864 404 3913; x_wconf 86' lang='grc'><strong>1826.</strong></span> <span class='ocrx_word' id='word_1_183' title='bbox 425 3866 503 3914; x_wconf 88' lang='lat' dir='ltr'><strong>Tom.</strong></span> <span class='ocrx_word' id='word_1_184' title='bbox 520 3865 567 3915; x_wconf 84' lang='lat' dir='ltr'><strong>vl.</strong></span> <span class='ocrx_word' id='word_1_185' title='bbox 583 3880 609 3928; x_wconf 88' lang='lat' dir='ltr'><strong>p.</strong></span> <span class='ocrx_word' id='word_1_186' title='bbox 624 3862 698 3928; x_wconf 86' lang='lat'><strong>109.)</strong></span> 
     </span>
     <span class='ocr_line' id='line_1_32' title="bbox 196 3951 699 4024; baseline 0.01 -25"><span class='ocrx_word' id='word_1_187' title='bbox 196 3951 321 4024; x_wconf 80' lang='lat' dir='ltr'><strong>adnotat:</strong></span> <span class='ocrx_word' id='word_1_188' title='bbox 341 3952 421 4015; x_wconf 75' lang='lat' dir='ltr'><strong>«Quo</strong></span> <span class='ocrx_word' id='word_1_189' title='bbox 438 3953 539 4006; x_wconf 76' lang='lat' dir='ltr'><strong>Nerius</strong></span> <span class='ocrx_word' id='word_1_190' title='bbox 551 3951 646 4004; x_wconf 76' lang='lat' dir='ltr'><strong>cebete</strong></span> <span class='ocrx_word' id='word_1_191' title='bbox 659 3954 699 4004; x_wconf 90' lang='lat' dir='ltr'><strong>ies</strong></span> 
     </span>
     <span class='ocr_line' id='line_1_33' title="bbox 198 4039 698 4105; baseline 0.016 -21"><span class='ocrx_word' id='word_1_192' title='bbox 198 4039 370 4102; x_wconf 77' lang='lat' dir='ltr'><strong>nddpouisscs</strong></span> <span class='ocrx_word' id='word_1_193' title='bbox 396 4042 459 4091; x_wconf 88' lang='lat' dir='ltr'><strong>d&#39;un</strong></span> <span class='ocrx_word' id='word_1_194' title='bbox 483 4044 538 4092; x_wconf 83' lang='lat' dir='ltr'><strong>ami</strong></span> <span class='ocrx_word' id='word_1_195' title='bbox 570 4044 698 4105; x_wconf 85' lang='lat' dir='ltr'><strong>proserit,</strong></span> 
     </span>
     <span class='ocr_line' id='line_1_34' title="bbox 197 4126 700 4194; baseline 0.02 -24"><span class='ocrx_word' id='word_1_196' title='bbox 197 4141 211 4171; x_wconf 83' lang='lat' dir='ltr'><strong>n</strong></span> <span class='ocrx_word' id='word_1_197' title='bbox 220 4128 279 4176; x_wconf 87' lang='lat' dir='ltr'><strong>cela</strong></span> <span class='ocrx_word' id='word_1_198' title='bbox 288 4126 415 4189; x_wconf 79' lang='lat' dir='ltr'><strong>n&#39;dionne</strong></span> <span class='ocrx_word' id='word_1_199' title='bbox 428 4132 518 4190; x_wconf 85' lang='lat' dir='ltr'><strong>point:</strong></span> <span class='ocrx_word' id='word_1_200' title='bbox 538 4131 558 4180; x_wconf 92' lang='lat' dir='ltr'><strong>il</strong></span> <span class='ocrx_word' id='word_1_201' title='bbox 571 4136 613 4180; x_wconf 92' lang='lat' dir='ltr'><strong>est</strong></span> <span class='ocrx_word' id='word_1_202' title='bbox 625 4132 700 4194; x_wconf 91' lang='lat' dir='ltr'><strong>peint</strong></span> 
     </span>
     <span class='ocr_line' id='line_1_35' title="bbox 197 4217 699 4279; baseline 0.016 -17"><span class='ocrx_word' id='word_1_203' title='bbox 197 4228 326 4265; x_wconf 80' lang='lat' dir='ltr'><strong>«comme</strong></span> <span class='ocrx_word' id='word_1_204' title='bbox 349 4230 386 4265; x_wconf 90' lang='lat' dir='ltr'><strong>un</strong></span> <span class='ocrx_word' id='word_1_205' title='bbox 414 4217 542 4279; x_wconf 66' lang='lat' dir='ltr'><strong>socient,</strong></span> <span class='ocrx_word' id='word_1_206' title='bbox 569 4233 632 4269; x_wconf 82' lang='lat' dir='ltr'><strong>sans</strong></span> <span class='ocrx_word' id='word_1_207' title='bbox 657 4234 699 4270; x_wconf 87' lang='lat' dir='ltr'><strong>re·</strong></span> 
     </span>
     <span class='ocr_line' id='line_1_36' title="bbox 197 4305 698 4369; baseline 0.02 -20"><span class='ocrx_word' id='word_1_208' title='bbox 197 4305 311 4355; x_wconf 85' lang='lat' dir='ltr'><strong>nmords</strong></span> <span class='ocrx_word' id='word_1_209' title='bbox 334 4309 361 4354; x_wconf 88' lang='lat' dir='ltr'><strong>et</strong></span> <span class='ocrx_word' id='word_1_210' title='bbox 385 4317 449 4356; x_wconf 84' lang='lat' dir='ltr'><strong>sans</strong></span> <span class='ocrx_word' id='word_1_211' title='bbox 470 4307 584 4369; x_wconf 86' lang='lat' dir='ltr'><strong>pudeur.</strong></span> <span class='ocrx_word' id='word_1_212' title='bbox 627 4307 698 4359; x_wconf 85' lang='lat' dir='ltr'><strong>Mais</strong></span> 
     </span>
    </p>
   </div>
   <div class='ocr_carea' id='block_1_8' title="bbox 755 2711 1287 4371">
    <p class='ocr_par' dir='ltr' id='par_1_9' title="bbox 758 2711 1264 3487">
     <span class='ocr_line' id='line_1_37' title="bbox 761 2711 1263 2779; baseline 0.012 -21"><span class='ocrx_word' id='word_1_213' title='bbox 761 2711 939 2776; x_wconf 74' lang='lat' dir='ltr'><strong>«qu’dtaitce</strong></span> <span class='ocrx_word' id='word_1_214' title='bbox 970 2715 1042 2765; x_wconf 87' lang='lat' dir='ltr'><strong>donc</strong></span> <span class='ocrx_word' id='word_1_215' title='bbox 1071 2728 1124 2779; x_wconf 87' lang='lat' dir='ltr'><strong>que</strong></span> <span class='ocrx_word' id='word_1_216' title='bbox 1150 2715 1263 2765; x_wconf 83' lang='lat' dir='ltr'><strong>Publius</strong></span> 
     </span>
     <span class='ocr_line' id='line_1_38' title="bbox 761 2802 1264 2866; baseline 0.014 -20"><span class='ocrx_word' id='word_1_217' title='bbox 761 2802 925 2864; x_wconf 76' lang='lat' dir='ltr'><strong>«Quintius,</strong></span> <span class='ocrx_word' id='word_1_218' title='bbox 958 2816 1026 2866; x_wconf 89' lang='lat' dir='ltr'><strong>pour</strong></span> <span class='ocrx_word' id='word_1_219' title='bbox 1051 2809 1177 2866; x_wconf 79' lang='lat' dir='ltr'><strong>partager</strong></span> <span class='ocrx_word' id='word_1_220' title='bbox 1198 2817 1264 2855; x_wconf 78' lang='lat' dir='ltr'><strong>avec</strong></span> 
     </span>
     <span class='ocr_line' id='line_1_39' title="bbox 761 2892 1264 2955; baseline 0.006 -17"><span class='ocrx_word' id='word_1_221' title='bbox 761 2905 819 2941; x_wconf 83' lang='lat' dir='ltr'><strong>nun</strong></span> <span class='ocrx_word' id='word_1_222' title='bbox 848 2893 958 2941; x_wconf 88' lang='lat' dir='ltr'><strong>ennemi</strong></span> <span class='ocrx_word' id='word_1_223' title='bbox 986 2897 1055 2942; x_wconf 88' lang='lat' dir='ltr'><strong>cette</strong></span> <span class='ocrx_word' id='word_1_224' title='bbox 1084 2892 1159 2955; x_wconf 90' lang='lat' dir='ltr'><strong>proie</strong></span> <span class='ocrx_word' id='word_1_225' title='bbox 1182 2892 1264 2941; x_wconf 84' lang='lat' dir='ltr'><strong>sacri-</strong></span> 
     </span>
     <span class='ocr_line' id='line_1_40' title="bbox 760 2980 1262 3045; baseline 0.004 -17"><span class='ocrx_word' id='word_1_226' title='bbox 760 2981 864 3045; x_wconf 75' lang='lat' dir='ltr'><strong>«reges</strong></span> <span class='ocrx_word' id='word_1_227' title='bbox 882 2982 924 3032; x_wconf 88' lang='lat' dir='ltr'><strong>On</strong></span> <span class='ocrx_word' id='word_1_228' title='bbox 944 2988 985 3032; x_wconf 88' lang='lat' dir='ltr'><strong>est</strong></span> <span class='ocrx_word' id='word_1_229' title='bbox 1002 2980 1081 3030; x_wconf 76' lang='lat' dir='ltr'><strong>sache</strong></span> <span class='ocrx_word' id='word_1_230' title='bbox 1100 2982 1134 3031; x_wconf 89' lang='lat' dir='ltr'><strong>de</strong></span> <span class='ocrx_word' id='word_1_231' title='bbox 1148 2994 1183 3030; x_wconf 92' lang='lat' dir='ltr'><strong>ns</strong></span> <span class='ocrx_word' id='word_1_232' title='bbox 1198 2996 1262 3044; x_wconf 92' lang='lat' dir='ltr'><strong>pou·</strong></span> 
     </span>
     <span class='ocr_line' id='line_1_41' title="bbox 761 3064 1263 3134; baseline 0.01 -19"><span class='ocrx_word' id='word_1_233' title='bbox 761 3072 841 3120; x_wconf 86' lang='lat' dir='ltr'><strong>«voir</strong></span> <span class='ocrx_word' id='word_1_234' title='bbox 867 3064 914 3134; x_wconf 82' lang='lat' dir='ltr'><strong>pas</strong></span> <span class='ocrx_word' id='word_1_235' title='bbox 937 3071 1048 3119; x_wconf 84' lang='lat' dir='ltr'><strong>estimer</strong></span> <span class='ocrx_word' id='word_1_236' title='bbox 1073 3070 1098 3119; x_wconf 87' lang='lat' dir='ltr'><strong>le</strong></span> <span class='ocrx_word' id='word_1_237' title='bbox 1122 3069 1205 3118; x_wconf 86' lang='lat' dir='ltr'><strong>client</strong></span> <span class='ocrx_word' id='word_1_238' title='bbox 1229 3069 1263 3120; x_wconf 85' lang='lat' dir='ltr'><strong>de</strong></span> 
     </span>
     <span class='ocr_line' id='line_1_42' title="bbox 759 3158 1263 3218; baseline 0.008 -15"><span class='ocrx_word' id='word_1_239' title='bbox 759 3158 905 3209; x_wconf 75' lang='lat' dir='ltr'><strong>«Ciceros.</strong></span> <span class='ocrx_word' id='word_1_240' title='bbox 931 3159 972 3207; x_wconf 80' lang='lat' dir='ltr'><strong>Au</strong></span> <span class='ocrx_word' id='word_1_241' title='bbox 989 3164 1079 3218; x_wconf 79' lang='lat' dir='ltr'><strong>reste,</strong></span> <span class='ocrx_word' id='word_1_242' title='bbox 1098 3158 1263 3208; x_wconf 81' lang='lat' dir='ltr'><strong>l&#39;orateurie</strong></span> 
     </span>
     <span class='ocr_line' id='line_1_43' title="bbox 761 3248 1262 3312; baseline 0.006 -18"><span class='ocrx_word' id='word_1_243' title='bbox 761 3249 941 3312; x_wconf 78' lang='lat' dir='ltr'><strong>«repre&#39;senie</strong></span> <span class='ocrx_word' id='word_1_244' title='bbox 954 3248 1136 3297; x_wconf 78' lang='lat' dir='ltr'><strong>adroitsment</strong></span> <span class='ocrx_word' id='word_1_245' title='bbox 1155 3260 1262 3297; x_wconf 87' lang='lat' dir='ltr'><strong>comme</strong></span> 
     </span>
     <span class='ocr_line' id='line_1_44' title="bbox 759 3334 1261 3400; baseline 0.006 -18"><span class='ocrx_word' id='word_1_246' title='bbox 759 3337 875 3400; x_wconf 79' lang='lat' dir='ltr'><strong>«jouant</strong></span> <span class='ocrx_word' id='word_1_247' title='bbox 903 3337 971 3386; x_wconf 80' lang='lat' dir='ltr'><strong>dans</strong></span> <span class='ocrx_word' id='word_1_248' title='bbox 1002 3341 1071 3386; x_wconf 86' lang='lat' dir='ltr'><strong>celte</strong></span> <span class='ocrx_word' id='word_1_249' title='bbox 1098 3334 1193 3386; x_wconf 76' lang='lat' dir='ltr'><strong>affaire</strong></span> <span class='ocrx_word' id='word_1_250' title='bbox 1225 3350 1261 3385; x_wconf 91' lang='lat' dir='ltr'><strong>un</strong></span> 
     </span>
     <span class='ocr_line' id='line_1_45' title="bbox 758 3406 1134 3487; baseline -0.008 -12"><span class='ocrx_word' id='word_1_251' title='bbox 758 3406 839 3475; x_wconf 58' lang='lat' dir='ltr'><strong>&lt;troie</strong></span> <span class='ocrx_word' id='word_1_252' title='bbox 859 3424 1006 3475; x_wconf 69' lang='lat' dir='ltr'><strong>tout-admi</strong></span> <span class='ocrx_word' id='word_1_253' title='bbox 1024 3423 1134 3487; x_wconf 76' lang='lat' dir='ltr'><strong>passis.»</strong></span> 
     </span>
    </p>

    <p class='ocr_par' dir='ltr' id='par_1_10' title="bbox 756 3510 1262 4105">
     <span class='ocr_line' id='line_1_46' title="bbox 793 3510 1260 3575; baseline -0.006 -13"><span class='ocrx_word' id='word_1_254' title='bbox 793 3510 842 3574; x_wconf 76' lang='lat' dir='ltr'><strong>ct)</strong></span> <span class='ocrx_word' id='word_1_255' title='bbox 851 3514 911 3575; x_wconf 85' lang='lat' dir='ltr'><strong>Qua</strong></span> <span class='ocrx_word' id='word_1_256' title='bbox 924 3512 1115 3562; x_wconf 73' lang='lat' dir='ltr'><strong>detenentia</strong></span> <span class='ocrx_word' id='word_1_257' title='bbox 1126 3511 1260 3567; x_wconf 84' lang='lat' dir='ltr'><strong>Verroml,</strong></span> 
     </span>
     <span class='ocr_line' id='line_1_47' title="bbox 757 3598 1259 3661; baseline -0.008 -11"><span class='ocrx_word' id='word_1_258' title='bbox 757 3602 801 3650; x_wconf 88' lang='lat'><strong>55.</strong></span> <span class='ocrx_word' id='word_1_259' title='bbox 820 3602 856 3650; x_wconf 87' lang='lat' dir='ltr'><strong>ad</strong></span> <span class='ocrx_word' id='word_1_260' title='bbox 865 3600 921 3649; x_wconf 73' lang='lat' dir='ltr'><strong>Ait.</strong></span> <span class='ocrx_word' id='word_1_261' title='bbox 932 3601 964 3661; x_wconf 82' lang='lat'><strong>5,</strong></span> <span class='ocrx_word' id='word_1_262' title='bbox 974 3600 1018 3653; x_wconf 89' lang='grc'><strong>8.,</strong></span> <span class='ocrx_word' id='word_1_263' title='bbox 1033 3599 1093 3649; x_wconf 79' lang='lat' dir='ltr'><strong>Liu.</strong></span> <span class='ocrx_word' id='word_1_264' title='bbox 1102 3598 1205 3653; x_wconf 80' lang='lat' dir='ltr'><strong>XLlll,</strong></span> <span class='ocrx_word' id='word_1_265' title='bbox 1217 3599 1259 3649; x_wconf 82' lang='grc'><strong>13.</strong></span> 
     </span>
     <span class='ocr_line' id='line_1_48' title="bbox 757 3668 1262 3751; baseline 0.004 -15"><span class='ocrx_word' id='word_1_266' title='bbox 757 3689 847 3751; x_wconf 70' lang='lat' dir='ltr'><strong>rocyo.</strong></span> <span class='ocrx_word' id='word_1_267' title='bbox 871 3688 923 3748; x_wconf 79' lang='lat' dir='ltr'><strong>u,</strong></span> <span class='ocrx_word' id='word_1_268' title='bbox 944 3688 987 3737; x_wconf 83' lang='lat'><strong>17.</strong></span> <span class='ocrx_word' id='word_1_269' title='bbox 1020 3688 1050 3736; x_wconf 79' lang='grc'><strong>1..</strong></span> <span class='ocrx_word' id='word_1_270' title='bbox 1065 3668 1109 3738; x_wconf 79' lang='lat' dir='ltr'><strong>sa</strong></span> <span class='ocrx_word' id='word_1_271' title='bbox 1143 3689 1195 3739; x_wconf 80' lang='lat' dir='ltr'><strong>ero</strong></span> <span class='ocrx_word' id='word_1_272' title='bbox 1216 3701 1262 3738; x_wconf 77' lang='lat' dir='ltr'><strong>so-</strong></span> 
     </span>
     <span class='ocr_line' id='line_1_49' title="bbox 757 3777 1262 3841; baseline -0.002 -15"><span class='ocrx_word' id='word_1_273' title='bbox 757 3778 815 3837; x_wconf 92' lang='lat' dir='ltr'><strong>cio,</strong></span> <span class='ocrx_word' id='word_1_274' title='bbox 835 3783 862 3826; x_wconf 92' lang='lat' dir='ltr'><strong>et</strong></span> <span class='ocrx_word' id='word_1_275' title='bbox 879 3791 905 3840; x_wconf 84' lang='lat' dir='ltr'><strong>q.</strong></span> <span class='ocrx_word' id='word_1_276' title='bbox 926 3791 951 3839; x_wconf 83' lang='lat' dir='ltr'><strong>g.</strong></span> <span class='ocrx_word' id='word_1_277' title='bbox 972 3789 997 3825; x_wconf 81' lang='lat' dir='ltr'><strong>a.</strong></span> <span class='ocrx_word' id='word_1_278' title='bbox 1015 3803 1043 3812; x_wconf 94' lang='lat'>-</span> <span class='ocrx_word' id='word_1_279' title='bbox 1067 3777 1262 3841; x_wconf 80' lang='lat' dir='ltr'><strong>Nescioquam</strong></span> 
     </span>
     <span class='ocr_line' id='line_1_50' title="bbox 757 3862 1259 3931; baseline 0 -16"><span class='ocrx_word' id='word_1_280' title='bbox 757 3862 1048 3931; x_wconf 74' lang='lat' dir='ltr'><strong>longeabsitL.13.§.</strong></span> <span class='ocrx_word' id='word_1_281' title='bbox 1062 3866 1105 3915; x_wconf 86' lang='grc'><strong>23.</strong></span> <span class='ocrx_word' id='word_1_282' title='bbox 1134 3865 1213 3916; x_wconf 66' lang='lat' dir='ltr'><strong>[ten.</strong></span> <span class='ocrx_word' id='word_1_283' title='bbox 1228 3865 1259 3915; x_wconf 86' lang='lat' dir='ltr'><strong>E.</strong></span> 
     </span>
     <span class='ocr_line' id='line_1_51' title="bbox 757 3954 1262 4017; baseline -0.002 -13"><span class='ocrx_word' id='word_1_284' title='bbox 757 3954 788 4004; x_wconf 84' lang='lat' dir='ltr'><strong>V.</strong></span> <span class='ocrx_word' id='word_1_285' title='bbox 819 3976 847 3990; x_wconf 82' lang='lat'><em>-</em></span> <span class='ocrx_word' id='word_1_286' title='bbox 887 3954 1019 4015; x_wconf 77' lang='lat' dir='ltr'><strong>Volgares</strong></span> <span class='ocrx_word' id='word_1_287' title='bbox 1053 3955 1262 4017; x_wconf 83' lang='lat' dir='ltr'><strong>publicanorum</strong></span> 
     </span>
     <span class='ocr_line' id='line_1_52' title="bbox 756 4042 1213 4105; baseline -0.011 -13"><span class='ocrx_word' id='word_1_288' title='bbox 756 4043 899 4092; x_wconf 82' lang='lat' dir='ltr'><strong>societates</strong></span> <span class='ocrx_word' id='word_1_289' title='bbox 919 4042 1043 4092; x_wconf 85' lang='lat' dir='ltr'><strong>consulto</strong></span> <span class='ocrx_word' id='word_1_290' title='bbox 1062 4048 1213 4105; x_wconf 79' lang='lat' dir='ltr'><strong>praetereo.</strong></span> 
     </span>
    </p>

    <p class='ocr_par' dir='ltr' id='par_1_11' title="bbox 755 4128 1287 4371">
     <span class='ocr_line' id='line_1_53' title="bbox 791 4128 1260 4193; baseline -0.002 -13"><span class='ocrx_word' id='word_1_291' title='bbox 791 4128 836 4192; x_wconf 85' lang='lat'><strong>35)</strong></span> <span class='ocrx_word' id='word_1_292' title='bbox 868 4132 1011 4183; x_wconf 89' lang='lat' dir='ltr'><strong>Neminem</strong></span> <span class='ocrx_word' id='word_1_293' title='bbox 1040 4131 1135 4193; x_wconf 79' lang='lat' dir='ltr'><strong>fugere</strong></span> <span class='ocrx_word' id='word_1_294' title='bbox 1163 4131 1260 4189; x_wconf 79' lang='lat' dir='ltr'><strong>debet,</strong></span> 
     </span>
     <span class='ocr_line' id='line_1_54' title="bbox 756 4218 1287 4284; baseline -0.008 -14"><span class='ocrx_word' id='word_1_295' title='bbox 756 4235 838 4284; x_wconf 82' lang='lat' dir='ltr'><strong>quam</strong></span> <span class='ocrx_word' id='word_1_296' title='bbox 864 4221 977 4284; x_wconf 85' lang='lat' dir='ltr'><strong>turpiter</strong></span> <span class='ocrx_word' id='word_1_297' title='bbox 1003 4220 1049 4268; x_wconf 88' lang='lat' dir='ltr'><strong>ille</strong></span> <span class='ocrx_word' id='word_1_298' title='bbox 1074 4219 1204 4268; x_wconf 83' lang='lat' dir='ltr'><strong>orationis</strong></span> <span class='ocrx_word' id='word_1_299' title='bbox 1223 4218 1287 4280; x_wconf 58' lang='lat' dir='ltr'><strong>lo-⁸</strong></span> 
     </span>
     <span class='ocr_line' id='line_1_55' title="bbox 755 4307 1258 4371; baseline -0.01 -12"><span class='ocrx_word' id='word_1_300' title='bbox 755 4324 803 4360; x_wconf 88' lang='lat' dir='ltr'><strong>cus</strong></span> <span class='ocrx_word' id='word_1_301' title='bbox 816 4310 850 4358; x_wconf 90' lang='lat' dir='ltr'><strong>ab</strong></span> <span class='ocrx_word' id='word_1_302' title='bbox 863 4309 1055 4371; x_wconf 87' lang='lat' dir='ltr'><strong>interpretibus</strong></span> <span class='ocrx_word' id='word_1_303' title='bbox 1066 4307 1205 4368; x_wconf 84' lang='lat' dir='ltr'><strong>neglectus</strong></span> <span class='ocrx_word' id='word_1_304' title='bbox 1214 4307 1258 4355; x_wconf 83' lang='lat' dir='ltr'><strong>sit·</strong></span> 
     </span>
    </p>
   </div>
   <div class='ocr_carea' id='block_1_9' title="bbox 0 0 1660 5280">
    <p class='ocr_par' dir='ltr' id='par_1_12' title="bbox 0 0 1660 5280">
     <span class='ocr_line' id='line_1_56' title="bbox 0 0 1660 5280; baseline 0 2"><span class='ocrx_word' id='word_1_305' title='bbox 0 0 1660 5280; x_wconf 95' lang='lat' dir='ltr'><strong> </strong></span> 
     </span>
    </p>
   </div>
  </div>
 </body>
</html>
