3420 5280
250 641 347 688 ostensio

403 452 444 521 ⁷2
507 450 603 553 Cup.
622 452 656 528 1.
710 451 769 531 Dc
793 457 879 535 turc
905 479 1065 534 consone
1092 455 1356 545 Quinctianae.

464 644 592 711 Contrn
614 645 685 711 sine
710 642 842 725 debitor
864 646 937 731 ipsc
951 648 1023 711 siue
1049 667 1110 733 pro
1130 668 1170 714 eo
1184 649 1270 717 uitus
1285 648 1460 739 creditori,

402 769 458 851 qui
479 767 567 833 bone
590 765 795 852 possideret,
816 769 876 833 out
896 752 1101 839 satisfecerit
1123 773 1181 839 out
1202 772 1321 839 iustum
1337 770 1459 841 defen-

400 890 525 957 sionem
541 886 716 970 obtuterit,
738 907 794 953 res
817 890 923 959 omnis
943 889 988 955 ed
1008 891 1175 980 integrum
1197 888 1337 981 redibit,
1359 898 1461 979 utque

401 1008 548 1081 creditor
570 1010 762 1094 postulante
788 1008 919 1079 domino
949 1010 991 1077 de
1013 1014 1227 1097 possessione
1255 1012 1462 1085 decederes

400 1130 563 1199 Proetore
585 1132 760 1199 iubebitur.
841 1125 845 1133 ’

467 1291 625 1356 Defensio
647 1294 757 1356 eutem
779 1266 845 1355 tem
873 1291 1046 1356 udomino
1074 1310 1169 1376 quem
1198 1310 1218 1356 o
1241 1296 1459 1376 procuratore
1531 1262 1536 1271 ¹

401 1411 515 1483 eodem
537 1415 608 1479 iure
630 1430 670 1478 ec
691 1411 789 1478 modo
813 1412 1015 1496 preestunde
1043 1415 1124 1496 erit,
1155 1413 1338 1499 eodemque
1365 1418 1460 1485 scei-

400 1532 512 1621 piendi
544 1531 653 1599 iudicii
681 1532 935 1618 sutisdnndique
961 1533 1115 1605 condicio
1145 1536 1324 1623 obtinebit,
1359 1539 1461 1622 etque

400 1658 588 1741 priusquam
613 1655 698 1723 bons
722 1652 989 1741 possiderentur,
1011 1656 1210 1727 obtinuisset
1233 1652 1271 1733 ⁷).

401 1923 558 1984 «creditor,
596 1924 640 1973 cui
671 1924 833 1986 permissum
863 1930 904 1975 est

401 2012 579 2076 «possidere,
600 2017 692 2075 postea
713 2013 815 2076 recepit
829 2013 903 2064 debi-

401 2110 480 2157 «tum
498 2119 595 2155 suum:
620 2105 719 2155 coeteri
737 2105 811 2159 enim
831 2109 902 2167 pots·

402 2199 487 2245 crunt
517 2202 647 2256 peregere
674 2193 809 2244 honorum
838 2206 904 2242 uen-

401 2283 563 2332 oditionem.
581 2304 613 2317 -
632 2280 710 2331 Coni.
730 2281 760 2333 Ι..
780 2282 807 2332 5.
826 2276 856 2343 §-
875 2280 901 2329 i.

400 2369 434 2421 Ut
463 2370 491 2421 iu
524 2384 568 2433 po.
598 2368 679 2433 teget.
715 2369 744 2419 L.
769 2368 795 2419 d.
823 2364 853 2431 d.
874 2369 902 2420 7.

400 2460 476 2522 Ques
495 2459 522 2508 in
541 2457 611 2508 trau.
631 2458 704 2508 cred.
727 2481 755 2494 -
778 2456 903 2522 Denique

400 2548 454 2601 huo
474 2548 598 2610 pertinet,
619 2547 691 2611 quod
709 2547 737 2615 in
756 2559 780 2596 c·
795 2546 839 2598 id.
853 2560 903 2610 pro

319 2652 322 2665 .
399 2636 526 2703 Quinctio
550 2636 664 2686 dicituro
694 2648 818 2699 «qusero
835 2670 844 2687 .
864 2667 900 2687 ·.

401 2738 475 2775 ocur
496 2737 527 2773 er
547 2728 584 2773 iot
602 2722 780 2774 creditoribus
793 2723 854 2774 attis
866 2723 901 2776 ad

402 2813 501 2862 «istum
514 2812 655 2861 rationem
679 2825 760 2863 nemo
781 2824 902 2865 socesso-

401 2901 477 2950 seit«
496 2899 561 2950 ret:
584 2900 648 2949 item
667 2912 736 2961 quos
760 2900 788 2949 in
812 2914 838 2956 o.
856 2901 900 2954 io.

400 2993 568 3039 «occurrunt
586 2987 714 3039 similis.»

434 3077 463 3135 7)
480 3076 580 3125 Contra
594 3076 724 3124 Zimmsrn
741 3075 759 3126 Ι.
773 3074 794 3125 1.
813 3071 842 3138 ὃ.
856 3074 900 3126 79.

400 3179 427 3228 p.
446 3164 519 3224 251..
538 3163 812 3228 Buttmann-nouom
834 3164 854 3216 Ι.
880 3162 900 3216 l.

399 3250 428 3317 §.
448 3253 492 3303 26.
512 3267 535 3315 p.
555 3252 628 3306 282..
657 3250 773 3309 Walter,
802 3251 898 3304 Gosctr.

399 3343 426 3395 d·
448 3343 478 3392 tt.
499 3343 529 3393 tt.
554 3356 580 3405 p·
599 3340 660 3391 768.
687 3346 826 3401 statuunt,
855 3342 901 3392 do·

398 3431 501 3483 minum
513 3469 517 3475 .
528 3431 617 3480 stetim
647 3434 708 3492 post
732 3430 900 3491 missionem,

398 3521 535 3584 cumipse
554 3532 583 3570 se
601 3518 775 3579 detenderet,
800 3519 901 3569 indies·

397 3617 454 3661 tum
484 3609 553 3659 sotoi
578 3609 724 3673 satisdare
755 3607 898 3669 debuisse,

398 3699 510 3762 eiusque
541 3697 606 3747 iuris
636 3701 716 3745 testes
747 3697 901 3759 producunt

399 3786 494 3838 Gaium
513 3786 540 3835 in
557 3786 661 3835 comm.
680 3784 725 3833 IV.
746 3780 774 3845 §-
794 3785 852 3834 102.
873 3787 900 3834 ot

400 3874 539 3937 Ulpianum
570 3877 598 3923 in
624 3873 661 3922 L.·
679 3873 722 3923 33.
747 3869 775 3933 ὃ.
797 3873 822 3921 1.
860 3872 899 3925 Do

398 3963 456 4014 reb.
483 3967 584 4013 unctor.
609 3961 663 4013 iud.
684 3975 727 4024 po.
748 3961 898 4023 (utriusque

398 4050 450 4101 loci
479 4050 562 4101 uerbs
588 4048 696 4103 exhibui
723 4062 804 4112 supro
823 4062 849 4112 p.
869 4048 896 4100 t.

399 4144 425 4188 et
442 4129 469 4189 5.
491 4144 545 4189 not.
567 4137 607 4195 lt.)
641 4136 681 4189 De
708 4136 775 4189 Gaio
794 4137 896 4192 nuptm.

399 4226 508 4290 alioque
528 4225 588 4277 ioco
603 4221 685 4287 [intro
701 4223 729 4289 d.
750 4226 789 4281 dt
807 4226 898 4287 dispo·

400 4317 479 4377 tubos
498 4315 531 4369 dn
552 4314 665 4378 ulpiano
685 4315 815 4378 tantisper
831 4326 895 4367 cou-

959 1925 1053 1974 cedsm
1079 1927 1168 1989 potios
1194 1939 1276 1990 quem
1298 1930 1345 1977 ent
1377 1931 1462 1977 textus

959 2012 1145 2063 difficultatem
1181 2021 1227 2064 snt
1255 2015 1285 2065 L.
1320 2015 1346 2066 5.
1375 2015 1405 2080 d·
1434 2020 1460 2070 3.

960 2100 1042 2163 Qnib.
1056 2115 1087 2152 er
1101 2115 1163 2151 ceu.
1179 2103 1205 2153 in
1218 2116 1262 2167 po.
1275 2118 1300 2156 e.
1314 2118 1460 2169 opponam.

959 2189 1026 2245 ttici
1047 2203 1109 2241 cnm
1137 2189 1275 2243 Ciceronis
1303 2200 1391 2249 estete
1417 2210 1463 2251 ret

959 2283 1017 2341 est,
1046 2293 1099 2343 qus
1116 2280 1188 2343 quod
1205 2284 1399 2346 supraposui,
1420 2287 1463 2340 ius

959 2368 1123 2432 obtinuisse,
1146 2370 1297 2423 certissimo
1325 2372 1377 2424 hnc
1398 2387 1462 2425 con·

959 2456 1081 2507 ctustone
1103 2457 1170 2507 mihi
1189 2458 1298 2513 uidetur
1317 2465 1460 2518 constaret

958 2545 1149 2597 Controuersis
1184 2545 1258 2608 tuit,
1304 2548 1462 2612 Quinctium

957 2633 1061 2686 Naeuio
1080 2635 1229 2685 indicatum
1246 2635 1317 2687 solui
1330 2639 1462 2691 satisdare

957 2727 1093 2787 oporteret
1109 2736 1206 2774 necne.
1253 2724 1328 2787 Quas
1348 2726 1382 2777 ed
1401 2740 1461 2781 um

957 2811 1172 2864 controuersiam
1200 2811 1379 2865 dirimendam
1402 2829 1462 2879 per-

957 2899 1060 2961 tinent,
1100 2900 1247 2964 sponsione
1284 2904 1462 2966 comprehen-

957 2987 1072 3049 duntur,
1099 2988 1133 3037 de
1162 3001 1215 3052 qus
1246 2989 1366 3053 Acutilio
1390 2991 1461 3042 indi·

958 3077 1076 3129 cendum
1105 3080 1155 3126 est.
1201 3077 1272 3140 Quid
1298 3091 1365 3141 ergo
1395 3082 1461 3133 esti

957 3163 1090 3216 Nimirum
1105 3164 1196 3215 hercle
1206 3165 1326 3216 exonios
1340 3169 1461 3231 sponsio·

957 3252 999 3302 nis
1039 3254 1216 3318 conceptione
1261 3263 1459 3318 cognoscetur,

957 3340 1054 3404 quibus
1073 3341 1153 3391 rebus
1174 3342 1322 3393 setisdsndi
1346 3343 1394 3395 iiis
1413 3356 1461 3394 ne·

957 3429 1067 3479 cessitas
1088 3430 1268 3481 continentur.
1305 3431 1382 3494 Quae
1403 3438 1461 3482 ton·

957 3517 1019 3566 dem
1042 3519 1070 3568 in
1093 3519 1176 3569 uerba
1199 3519 1309 3582 sponsio
1328 3526 1460 3584 concepte

956 3607 1017 3661 esti
1052 3607 1155 3669 Nempe
1181 3607 1211 3658 ss
1229 3621 1303 3660 sons
1321 3607 1459 3672 (Quinctii)
1483 3668 1485 3673 .

956 3707 991 3745 ux
1010 3693 1111 3746 Enrcro
1132 3694 1161 3743 P.
1181 3695 1317 3748 Bessorum
1336 3696 1459 3749 Pusrro·

955 3794 999 3832 urs
1012 3795 1072 3832 uros
1085 3796 1146 3834 ιιι.
1161 3795 1291 3834 possessu
1310 3798 1366 3836 non
1378 3799 1457 3836 suns.

956 3869 1028 3920 Cone
1047 3871 1129 3932 igitur
1145 3872 1293 3935 quidquem
1308 3880 1384 3937 putes
1398 3887 1458 3925 csse
1522 3860 1524 3864 Α

955 3959 1047 4008 uerius
1063 3973 1145 4022 quem
1160 3960 1306 4029 sponsione
1322 3963 1458 4013 uicturum

956 4045 1038 4097 inisse
1055 4047 1229 4111 Quinctium,
1255 4052 1372 4113 quamvis
1389 4050 1459 4103 oooo

953 4149 1003 4184 suo
1031 4149 1148 4197 possesso
1175 4147 1273 4199 essent,
1310 4140 1458 4193 dummodo

955 4224 1037 4273 iudici
1059 4224 1201 4287 probaret,
1225 4228 1279 4277 dies
1296 4228 1378 4279 m.
1395 4241 1457 4290 pot·

954 4325 1023 4365 urso
1040 4326 1095 4365 noo
1110 4327 1169 4364 esso.
1219 4314 1371 4377 sponsione
1390 4328 1457 4371 ueto
