3352 5276
194 507 232 586 s.
250 496 288 567 7.
316 494 377 583 Af.
395 492 459 582 θ’.
478 493 666 568 absentem
683 501 784 613 recle
801 492 1012 592 defenderit
1027 518 1154 571 mooe.
1196 495 1253 557 131
1367 534 1370 539 ,

194 702 358 770 praesens
389 686 473 769 lpse»
494 681 648 748 iudicium
666 680 863 769 acciperet,
884 684 1067 751 ,satisdare
1100 683 1288 788 deberet„

194 805 324 872 modica
351 804 491 891 quadam
519 822 629 891 neque
655 805 856 871 intolerabili
885 806 1022 872 licentia
1050 805 1115 871 dici
1143 808 1256 891 potest
1274 813 1320 846 ⁰⁸¹⁰·

197 925 380 1007 Quirectiue
399 925 566 991 satisdare
586 926 699 991 iussus
719 944 813 1012 esse,
842 946 940 1012 quum
968 929 1108 1012 propter
1134 946 1256 1014 perso-

194 1050 301 1115 nalem
334 1048 457 1113 domini
488 1046 716 1114 condicionem
752 1043 902 1132 Alfenus
936 1053 1163 1139 procurator,
1201 1052 1255 1135 qul

194 1171 298 1237 uicem
321 1172 393 1237 eius
413 1172 562 1254 teneret,
584 1170 698 1234 iussus
716 1173 820 1235 esset.

256 1329 400 1396 Constat
421 1328 543 1417 igitur,
574 1329 603 1392 si
625 1328 774 1417 genuina
793 1329 839 1393 sit
860 1327 1054 1395 Hotomaol
1074 1330 1176 1395 lectio
1198 1348 1256 1395 ru-

192 1471 343 1535 unnnan,
375 1453 658 1538 procuratorium
687 1450 776 1514 illam
803 1449 1034 1515 satisdationis
1066 1451 1255 1540 exigendae

192 1591 360 1657 caussam,
382 1590 478 1656 quam
499 1570 614 1666 adbuc
632 1569 857 1657 defendimus,
878 1575 971 1637 stare
992 1591 1061 1637 non
1082 1590 1193 1656 posse.

255 1692 310 1758 ldx
333 1712 398 1778 quo
419 1693 516 1757 simul
537 1699 649 1757 tamen
669 1691 831 1779 eflicitur,
860 1694 986 1776 omnia,
1015 1693 1134 1778 quibus
1154 1699 1256 1759 antea

192 1814 455 1899 procuratorium
477 1814 565 1879 banc
585 1832 738 1880 caussam
757 1814 902 1899 probare
916 1814 1117 1901 studuimus,
1139 1814 1254 1881 eadem

191 1938 324 2002 ratione
346 1938 445 2001 etiam
466 1935 511 2001 ad
530 1934 756 2002 infirmandam
771 1936 1063 2022 repellendamque
1077 1937 1253 2004 lectionem

191 2057 354 2123 taoeoare
376 2058 499 2123 ualere.

256 2180 328 2244 Illis
350 2198 432 2244 uero
453 2180 661 2269 argumentis
682 2160 780 2267 ouum
803 2177 971 2248 Codicum
991 2180 1079 2248 Mea.
1102 2157 1254 2250 auctori-

192 2303 296 2367 tatem
316 2300 527 2388 adiunxeris,
559 2320 644 2388 quos
670 2301 715 2368 ad
740 2322 838 2368 unum
860 2321 975 2368 omncs
994 2304 1171 2371 lectionem
1192 2310 1253 2372 at-

192 2423 319 2488 deoare
340 2424 426 2489 tucri
448 2427 683 2510 cognouimus,
715 2442 759 2489 ex
787 2425 871 2490 artis
898 2427 1039 2492 criticae
1061 2427 1255 2510 praeceptis

192 2527 474 2627 expeditissimum
496 2562 580 2610 sane
601 2546 666 2611 erit
686 2547 855 2631 statuere,
876 2546 940 2610 nisi
963 2550 1126 2612 cummuni
1146 2543 1253 2614 Codi-

1289 691 1355 732 Ιιοω
1369 695 1391 733 in
1403 709 1420 735 a.

1289 749 1422 802 Opuntiuln-

192 2682 265 2729 cum
285 2665 423 2730 lectioni
444 2664 586 2730 idoneus
605 2683 728 2730 sensus
747 2666 848 2749 plane
869 2666 981 2730 nullus
1002 2666 1077 2733 elici
1094 2668 1253 2753 potuerit,
1362 2729 1365 2738 ,

192 2786 415 2851 coniecturam
437 2786 534 2851 istam
555 2784 737 2872 iubebare,
764 2803 808 2850 nc
829 2804 950 2871 perse
973 2786 1104 2874 quidem
1125 2790 1252 2874 proba-

191 2906 307 2990 bilem,
329 2907 514 2972 omnimodo
535 2925 613 2974 esse
633 2905 884 3023 repudiandam.

233 3077 415 3144 Videamus
441 3078 561 3166 igitur,
595 3064 735 3168 uulgata
756 3050 940 3167 antiquitus
963 3070 1064 3149 lectio
1085 3084 1251 3150 cidelare

191 3198 461 3284 quemadmodum
494 3202 727 3291 intelligatur,
765 3206 1005 3291 oppugnetur,
1049 3203 1250 3291 delendique

190 3321 308 3405 possit.
1100 3334 1102 3338 ’

253 3477 327 3561 Qua
349 3479 449 3546 dere
474 3477 712 3548 Garatootue:
749 3478 911 3567 «cicero,
944 3486 1067 3571 inquit,
1099 3505 1172 3552 cum
1194 3487 1249 3553 di-

255 3604 387 3669 «xisset
412 3601 552 3670 lactaria
580 3603 802 3695 postulabas,
833 3601 964 3671 addidit
984 3610 1038 3672 ita
1065 3608 1248 3698 cidelare,

246 3753 268 3784 .«
278 3723 462 3790 modestiae
483 3742 621 3811 caussa,
651 3742 695 3790 ne
719 3724 754 3788 in
775 3727 975 3815 litigantium
996 3731 1248 3796 concertatIone

255 3843 448 3910 «narranda
473 3834 628 3911 iudicium
656 3846 730 3931 ipse
756 3846 874 3913 icrret.
929 3847 1048 3934 Neque
1076 3851 1162 3917 enim
1183 3850 1247 3919 boc

254 3966 354 4031 «loco
389 3965 681 4033 demonstrandum
716 3973 904 4055 sumserat,
938 3969 1190 4040 satisdationem
1225 3993 1248 4041 a

253 4085 404 4152 «Naeuio
425 4088 545 4154 iniuria
565 4089 768 4174 postulatam
790 4088 906 4156 fuisse.
963 4087 1036 4158 Sed
1063 4093 1145 4160 illud
1165 4099 1247 4160 erat

254 4209 311 4272 «ci
332 4208 556 4295 propositum,
576 4211 620 4278 ab
640 4208 766 4276 Alfeno
785 4209 974 4292 Quinctium
988 4214 1110 4282 iudicio
1125 4213 1247 4282 deien-

254 4348 349 4393 «sum
365 4327 554 4397 ostendere.
595 4328 657 4397 Ait
674 4334 793 4421 igitur:
815 4333 892 4421 quia
906 4334 1025 4401 iniuria
1039 4336 1246 4425 postulabas,
