3352 5276
212 541 249 617 §-
267 531 308 604 8·
335 529 394 602 A'·
413 527 477 617 Ψ.
496 531 686 605 absentem
702 537 804 603 reete
821 528 1031 627 defenderit
1046 550 1172 602 necne.
1214 528 1273 590 165

211 720 439 804 abruptasque
462 719 619 805 quasdam
642 720 829 784 sententias
850 718 996 801 Tullius,
1019 719 1178 784 communi
1202 736 1274 781 ma·
1293 704 1453 833 Αξῖζυοπζὲὺ

210 843 265 929 gis
301 841 466 905 hominum
496 844 616 907 notitia
644 860 684 907 ac
713 843 918 907 necessitate
950 843 1088 906 coaetus
1123 858 1218 924 quam
1255 837 1383 933 effi

212 981 352 1028 caussae
368 962 551 1050 commodo,
572 963 626 1030 hic
643 965 710 1029 iilic
726 957 953 1050 adspersit²⁸³),
977 959 1055 1046 quid
1071 964 1190 1026 contra
1208 979 1273 1044 pu-

212 1085 354 1149 tabimus
389 1086 562 1150 Hortensii
596 1086 797 1150 defensione.
829 1085 963 1149 uberius
996 1074 1133 1147 fuisset
1177 1101 1280 1167 quam¹

211 1208 415 1271 narrationis
443 1199 599 1291 copiam?
636 1226 731 1293 quam
755 1196 1067 1290 amplificationem?
1097 1222 1192 1290 quam
1217 1204 1273 1267 in-

211 1321 468 1417 dignationem?

272 1486 390 1572 Neque
428 1487 481 1553 hic
518 1462 693 1572 substitit,
727 1490 868 1572 opinor,
904 1486 1076 1550 Hortensii
1110 1484 1272 1550 defensio.

209 1609 385 1696 Negabat,
429 1611 462 1672 ni
493 1609 608 1689 fallor,
644 1611 796 1673 tribunos
830 1609 891 1693 pL,
928 1626 1120 1692 quamquam
1157 1608 1273 1671 Alieni

209 1727 423 1814 Quinctiique
447 1749 542 1814 quam
565 1734 646 1794 iuris
668 1730 905 1812 studiosiores,
929 1730 1059 1792 omnino
1083 1730 1177 1811 pensi
1200 1747 1273 1791 mo-

210 1851 361 1915 deratiue
377 1850 457 1913 nihil
480 1850 654 1937 habuisse3
676 1854 770 1914 immo
794 1849 1013 1934 componendi
1037 1852 1142 1938 magis
1165 1852 1272 1913 animo

210 1992 305 2057 quam
335 1974 413 2036 iusti
442 1974 556 2037 auxilii
586 1972 714 2038 ferendi
744 1973 869 2037 Alieno
900 1991 1034 2057 operam
1057 1972 1272 2059 praebuisse,

209 2095 243 2158 id
265 2095 371 2158 solum
395 2096 529 2182 egisse,
561 2098 598 2159 ut
625 2095 773 2161 uenditio
806 2096 983 2180 bonorum,
1017 2113 1101 2179 quae
1124 2095 1273 2177 proxime

209 2220 370 2304 instaret,
396 2217 597 2303 aliquamdiu
619 2220 862 2298 sustineretur,
896 2213 1206 2297 Quinctio'absenti
1228 2213 1272 2279 ad

208 2339 441 2405 reuertendum
477 2358 580 2424 seque
616 2337 862 2431 defendendum
899 2340 1030 2422 tempus
1063 2340 1097 2402 et
1129 2340 1272 2421 spatium

209 2460 363 2547 daretur3
385 2465 420 2527 at
442 2436 527 2526 adeo
550 2464 681 2550 gratiae
703 2479 771 2523 non
794 2462 1018 2541 concessisse,
1040 2462 1077 2521 ut
1099 2434 1151 2522 ius
1165 2461 1272 2542 ipsum

209 2585 452 2668 possessionis,
480 2582 577 2666 quale
607 2601 650 2665 err
678 2580 799 2645 Edicto
830 2582 921 2643 esset
949 2581 1021 2643 siue
1049 2581 1112 2643 iam
1136 2582 1272 2663 quaesi-

210 2708 276 2766 tum
306 2706 377 2766 siue
408 2704 568 2786 temporis
598 2703 694 2786 lapsu
729 2699 902 2764 etiamdum
933 2698 1155 2784 quaerendum
1187 2720 1272 2784 sup-

209 2819 497 2909 piendumque‘i),
520 2827 578 2888 aut
600 2824 765 2888 infirmare
788 2805 892 2884 totum
915 2824 1016 2904 atque
1039 2824 1191 2886 euertere
1213 2825 1272 2886 aut

210 2946 340 3009 omnino
377 2946 466 3009 ultra
500 2944 702 3009 uenditionis
736 2944 824 3007 illam
857 2941 1049 3008 dilationem
1081 2944 1271 3027 imminuere

208 3066 351 3130 uellentz
381 3064 541 3151 denique,
568 3069 653 3130 siin
677 3068 778 3132 breue
800 3064 883 3130 haec
906 3067 1103 3147 contuleris,
1131 3064 1271 3130 demon-

209 3188 339 3252 strabat
361 3187 579 3270 Hortensius,
614 3208 749 3253 moram
778 3184 934 3268 Quinctio
964 3189 1115 3251 tribunos
1143 3188 1187 3272 pi.
1216 3162 1271 3251 in-

208 3309 366 3395 dulsisse,
387 3314 518 3374 tastum
539 3310 713 3375 ausititem
740 3321 808 3373 non
828 3310 963 3393 tulisse,
995 3327 1102 3393 neque
1131 3310 1271 3374 ulterius

209 3430 384 3514 Alienum,
408 3449 504 3516 quum
527 3450 586 3495 eos
606 3431 808 3514 appellaret,
830 3431 892 3494 nisi
908 3449 969 3514 per
984 3448 1138 3494 summam
1154 3447 1271 3495 amen-

208 3554 302 3639 tiam,
324 3571 463 3637 sperare
487 3554 659 3637 quiequam
682 3546 891 3636 potuisset).

242 3833 288 3898 143)
307 3836 375 3888 Vide
394 3838 454 3887 loca
485 3852 566 3901 supra
594 3840 710 3903 allegata

208 3921 236 3988 δ.
256 3924 283 3975 ’1.
303 3929 371 3975 nott.
391 3927 504 3977 28-3ls
526 3942 551 3991 p.
572 3928 632 3977 126.
654 3941 711 3991 seq.

241 4009 287 4074 sd)
316 4011 498 4065 Conseruntur
516 4030 585 4080 qaae
605 4023 658 4066 tam
678 4017 712 4066 de

208 4100 347 4151 communi
375 4100 436 4150 iure
457 4118 538 4167 quam
567 4107 601 4155 de
624 4088 712 4155 forma

208 4205 239 4240 ao
250 4187 340 4252 speeie
352 4187 433 4238 huius
446 4204 558 4243 caussae
571 4195 713 4245 docuimus

208 4291 288 4341 supra
299 4276 327 4341 ὅ.
337 4280 364 4329 3.
376 4294 403 4341 p.
411 4282 454 4332 72.
465 4279 492 4343 δ.
500 4284 528 4333 d.
540 4299 566 4348 p.
577 4286 622 4335 82.
634 4302 710 4352 seqq.

208 4369 236 4433 ὃ.
256 4372 281 4420 7.
304 4385 330 4432 p.
351 4371 411 4420 123.
432 4383 508 4433 seqq.

802 3835 847 3901 45)
870 3837 1064 3899 Praeterquam
1088 3838 1160 3900 quod
1189 3850 1271 3900 supra

769 3940 796 3989 p.
824 3926 886 3977 159.
912 3930 968 3974 not·
993 3925 1038 3974 31.
1067 3925 1270 3987 demonstraui,

769 4015 814 4065 hie
832 4014 876 4066 vel
895 4013 1012 4063 maxime
1038 4014 1176 4064 Hortensii
1195 4014 1272 4064 loeus

770 4117 829 4155 esse
848 4103 971 4163 ridetur,
994 4102 1072 4151 caius
1090 4104 1273 4165 redarguendi

770 4205 866 4243 caussa
897 4190 992 4241 Cicero
1024 4191 1052 4240 in
1080 4205 1103 4241 o.
1132 4192 1175 4241 20.
1205 4197 1270 4240 extr.

769 4282 861 4333 uerbis
880 4279 934 4329 illis
953 4280 1051 4329 utitur:
1081 4279 1174 4342 «Quid
1192 4279 1215 4328 si
1233 4279 1271 4330 M·

770 4371 887 4420 «Brutus
917 4369 1128 4419 intercessurum
1156 4380 1185 4417 se
1208 4366 1272 4416 dixit
