3420 5280
526 1477 995 1569 PRAEFATIO,

312 1872 567 1977 Compluribus
588 1874 692 1951 hisce
715 1875 817 1948 aunis
843 1871 1088 1950 academicum
1111 1880 1302 1966 semestre,

235 2033 332 2133 quod
357 2057 550 2126 uocamus,
579 2032 714 2109 nulium
739 2032 827 2126 unt,
854 2034 938 2133 quin
960 2032 1160 2111 secundum
1182 2035 1303 2108 uarias

235 2196 321 2267 iuris
346 2193 497 2268 Romani
524 2191 736 2295 disciplinas
763 2217 870 2266 unum
889 2191 1088 2269 alterumue
1107 2188 1303 2270 Ciceronis

234 2351 360 2426 librum
396 2374 447 2425 ex
481 2352 749 2452 antiquitatibus
785 2354 875 2426 iuris
913 2351 1051 2454 publici
1092 2375 1137 2428 ao
1171 2355 1304 2454 priuati

235 2510 490 2612 explanarem,
528 2513 646 2609 iisque
683 2510 903 2587 lectionibus
940 2512 1063 2612 optimi
1092 2512 1224 2610 quique
1260 2535 1305 2587 ac

235 2668 491 2742 studiosissimi
516 2670 669 2741 iuuenes
696 2667 907 2767 frequentes
932 2689 1078 2769 semper
1098 2665 1303 2741 adfuerrmt.

309 2883 452 2957 Initium
475 2885 557 2984 cepi
577 2907 599 2957 a
616 2881 849 2976 Rhetoricis,
879 2880 1016 2957 deiude
1037 2881 1168 2959 abhinc
1186 2885 1302 2957 trien-

234 3044 295 3117 nio
315 3041 509 3118 Orationes
537 3042 687 3117 adortus
713 3068 802 3117 sum.
841 3042 941 3133 Quas
966 3066 1071 3141 quum
1096 3064 1146 3116 ex
1172 3041 1302 3116 ordine

236 3204 430 3303 temporis,
458 3225 529 3301 quo
547 3200 693 3276 habitae
716 3208 819 3293 sunt,
847 3203 907 3301 qui
927 3200 1025 3275 idem
1050 3201 1131 3275 fere
1153 3198 1302 3276 Editio-

234 3384 316 3433 uum
342 3382 429 3434 esse
455 3358 573 3451 solet,
607 3363 733 3461 paucis
760 3361 995 3452 intermissis,
1035 3359 1083 3433 ad
1109 3355 1302 3436 Cluentia-

234 3542 315 3592 nam
350 3541 466 3617 usque
498 3525 809 3619 pertractassem,
849 3517 1063 3618 illorumque
1101 3517 1304 3592 studiorum

234 3701 308 3752 uon
342 3676 461 3753 fructu
494 3674 612 3751 solum
645 3677 985 3777 quantulocunque,
1030 3699 1154 3751 uerum
1194 3679 1303 3751 etiam

157 3913 161 3921 ,
235 3839 316 3938 ipsa
341 3835 557 3913 difficultate
588 3859 632 3912 ao
658 3835 785 3911 labore
817 3838 855 3909 in
881 3835 963 3910 dies
989 3838 1105 3936 magis
1133 3835 1303 3913 delecta-

235 4019 318 4087 rer,
345 3995 491 4071 taudem
518 3994 823 4073 adscribendum
849 4017 906 4069 me
933 3992 1083 4070 contuli.

312 4154 479 4255 Aequum
511 4178 649 4232 censeo
683 4157 859 4230 rationem
892 4177 949 4229 me
982 4153 1142 4229 reddere
1178 4176 1301 4228 seme·

235 4315 359 4386 strium
385 4314 602 4412 quarundam
630 4317 988 4403 commentationum,
1034 4316 1143 4413 cupio
1175 4312 1300 4387 erudi·
