3352 5276
426 532 463 608 s.
477 473 534 590 ἱ5.-
583 515 815 592 Subaeciuue
841 524 1088 618 quaestiones.
1245 525 1286 586 99

220 727 358 775 numero
392 707 596 793 descriptam
623 709 658 772 in
691 708 768 796 lege
800 711 1001 798 retinerent,
1037 716 1072 777 et
1101 715 1286 779 taxationis
1305 718 1454 820 mm
1508 690 1511 693 v

221 829 461 916 quodammodo
499 829 606 895 locum
640 830 824 895 obtinuisse
850 833 1061 919 statuerent,
1092 833 1181 899 unde
1208 835 1285 901 lici·
1305 834 1384 875 ‘¹⁰¹⁰'-

220 951 314 1017 tandi
336 951 506 1016 exordium
529 950 641 1035 tieret,
663 969 772 1037 neque
794 953 849 1037 qui
870 954 977 1018 minus
999 959 1090 1021 esset
1111 956 1285 1022 oblaturus

220 1075 413 1160 cuiusquam
433 1091 555 1138 nomen
575 1052 793 1160 reciperetur.
886 1149 890 1156 ¹

282 1194 358 1284 Ego
381 1214 462 1291 uero
485 1196 632 1285 ingenue
653 1184 880 1275 fateor,'mihi
901 1197 1023 1262 nullam
1046 1189 1206 1265 eirismodi
1228 1202 1286 1266 ta-

153 1398 156 1403 ,
211 1318 365 1393 nationis
400 1335 510 1402 neque
544 1288 723 1382 utilitatem
758 1335 867 1403 neque
907 1321 1070 1385 rationem
1110 1340 1286 1408 apparere.

207 1420 307 1520 'Quid
324 1518 325 1521 Ἴ
340 1430 455 1504 enim?
489 1426 649 1505 Venditio
682 1440 875 1504 necessaria
909 1444 982 1531 erat
1014 1461 1055 1509 ac
1088 1462 1285 1530 quacunque

217 1558 314 1624 modo
337 1557 542 1648 peragenda
584 1532 755 1625 Neminem
777 1564 906 1645 autem,
930 1565 968 1627 ut
990 1564 1067 1649 plus
1088 1584 1185 1651 quam
1206 1565 1285 1651 pla-

218 1685 312 1748 ceret
334 1681 487 1768 offerret,
517 1682 595 1770 cogi
617 1682 767 1766 potuisse
789 1684 823 1747 in
844 1684 960 1768 aprico
983 1686 1045 1750 est.
1078 1686 1198 1771 ‘Ipsis
1221 1686 1285 1753 de-

217 1804 318 1888 nique
340 1801 579 1889 creditoribus,
609 1788 789 1889 quousque
802 1798 1003 1891 uideretur,
1023 1806 1154 1879 licitare
1175 1810 1210 1881 et
1231 1809 1284 1874 ius

219 1926 254 1989 et
286 1922 559 1995 consuetudinem
592 1925 698 1991 fuisse
730 1927 875 1992 constat.
930 1923 1099 2008 Quaenam
1131 1927 1284 2014 tandem,
1416 2008 1419 2021 ἁ

220 2056 362 2130 quaeso,
384 2063 507 2110 caussa
529 2043 676 2130 dicetur,
699 2042 777 2131 quin
799 2051 963 2114 consueto
985 2050 1174 2115 auctionum
1191 2069 1284 2117 more

216 2167 389 2251 liberaque
410 2167 594 2234 licitatione
616 2170 721 2234 totum
743 2171 914 2259 negotium
934 2172 1140 2238 transactum
1156 2164 1284 2238 fueriti

281 2287 378 2372 Quod
401 2291 428 2354 si
451 2293 571 2380 negari
601 2309 669 2355 non
698 2293 829 2376 potest,
864 2290 946 2356 nihil
974 2310 1057 2359 sane
1086 2295 1285 2380 relinquitur

217 2413 282 2477 nisi
311 2415 347 2477 ut
385 2414 420 2476 in
446 2384 615 2477 sententia
643 2415 878 2498 persistamus,
911 2432 1008 2498 quam
1036 2432 1139 2499 supra
1166 2417 1285 2500 posui-

218 2552 308 2615 mus,
343 2531 501 2598 aidelicet
528 2551 667 2597 uacuum
695 2532 760 2599 hoc
788 2552 854 2597 uno
877 2532 950 2598 iere
972 2534 1047 2599 loco
1071 2506 1178 2621 legem
1201 2555 1286 2620 pro-

80 2734 84 2744 ,
219 2654 358 2741 mulgeri
392 2653 525 2717 solitam
555 2670 641 2717 esse.
691 2654 809 2739 Neque
838 2655 867 2718 si
898 2653 976 2739 quid
1001 2655 1072 2719 ueri
1094 2656 1182 2720 inest
1204 2656 1285 2736 iliis,

220 2791 305 2860 quae
328 2792 371 2838 ex
393 2773 555 2838 communi
578 2774 719 2838 omnium
741 2765 825 2859 puto
845 2760 1082 2841 sententiale
1109 2774 1285 2861 Theophili

218 2896 421 2961 auctoritate
442 2897 544 2960 antea
564 2896 750 2978 statuimus,
764 2878 876 2961 'maior
897 2896 1017 2987 religia
1040 2898 1115 2981 erit,
1137 2916 1181 2962 ex
1195 2898 1285 2963 iusta

95 3035 102 3041 ·
218 3035 342 3083 caussa
370 3036 468 3081 unam
497 3017 585 3106 legis
612 3036 677 3102 qua
699 3016 741 3082 de
762 3020 877 3107 agitur
898 3002 1079 3084 clausulam
1102 3032 1284 3105 euacuare,

219 3157 315 3223 quam
336 3141 438 3204 antea
461 3137 542 3227 fuit,
564 3140 692 3204 iniussu
714 3140 786 3204 eius
808 3143 962 3205 caeteras
984 3160 1098 3206 amires
1113 3141 1283 3226 supplere.

281 3297 457 3384 Reliquum
480 3307 551 3385 est,
583 3301 619 3362 ut
644 3296 895 3388 admoneamus,
931 3300 1136 3365 uerissimum
1159 3299 1284 3384 uideri,

218 3418 307 3503 quod
329 3422 363 3483 et
388 3416 600 3505 Theophilus
623 3417 726 3484 tradit
747 3423 781 3485 et
803 3420 907 3507 uulgo
930 3422 1059 3515 placet,
1081 3419 1283 3486 uenditionis

217 3542 306 3606 illam
327 3542 437 3629 legem
458 3541 567 3625 palam
589 3542 732 3623 propani
753 3542 855 3626 atque
882 3541 1017 3627 libellis,
1051 3543 1170 3627 quibos
1196 3542 1283 3607 iam-

74 3650 78 3661 ‘
215 3661 345 3747 pridem
376 3662 463 3726 bona
493 3661 700 3748 generaliter
728 3664 842 3727 essent
871 3664 1080 3748 proscripta,
1116 3662 1214 3730 adiici
1247 3669 1282 3728 et

220 3782 458 3868 quodammodo
480 3784 637 3881 subiopgi
658 3782 790 3848 solitam
812 3800 897 3849 esse.
