3352 5276
424 479 485 541 iiii
526 476 621 579 Cap.
650 479 684 553 1.
737 477 798 554 De
823 483 909 556 iare
935 505 1096 556 consede
1125 478 1387 568 Quinctianae.

262 672 402 770 [ὅσῃ-ζῆ
421 670 578 758 intelllgi,
603 668 855 756 haudquaquam
878 690 950 737 eam
971 672 1077 737 fuisse
1092 673 1289 737 tribuniciae
1305 673 1482 756 potestatis

261 787 342 838 ΡΜ·
375 745 388 783 Ρ
420 793 590 876 naturam,
615 794 652 855 ut
674 791 894 879 quodeunque
916 793 1091 859 Praetoris
1111 793 1274 860 iudicisue¹
1296 793 1482 879 decretum,

314 930 319 941 ·
419 915 637 997 sententiam,
675 917 869 979 emissamue
892 917 1080 999 opinionem
1103 917 1227 982 tribuni
1251 916 1295 1000 pl.
1317 918 1375 980 aui
1398 933 1482 980 con-

353 1026 355 1030 ’
419 1034 588 1131 firmarent
610 1036 771 1118 appellati
794 1040 851 1100 aut
873 1036 908 1099 in
930 1037 1045 1101 melius
1065 1036 1304 1121 reformarent,
1332 1035 1482 1121 adeoque

421 1155 660 1241 quodammodo
684 1159 790 1222 locum
813 1159 1063 1246 magistratuum
1094 1156 1280 1223 iudicumue
1302 1150 1483 1242 'superiore

356 1364 358 1373 X
422 1282 591 1362 potestate
624 1278 849 1362 praeditorum
885 1256 1096 1345 obtinerent:
1129 1281 1225 1344 immo
1261 1278 1342 1344 lllud
1376 1281 1483 1368 magis

421 1403 625 1467 tribunorum
658 1404 828 1484 potestate
859 1400 1037 1486 officioque
1066 1402 1317 1485 continebatur,
1353 1405 1391 1465 ut
1419 1400 1484 1466 ad-

421 1541 540 1587 uersus
571 1523 818 1608 magistratum,
851 1523 923 1587 siue
956 1523 998 1588 ob
1028 1522 1288 1591 iurisdictionem
1318 1524 1391 1587 siue
1418 1524 1483 1587 alla

421 1643 463 1709 de
484 1621 605 1710 caussa
626 1644 795 1727 imperium
814 1630 1043 1731 exercentem,
1064 1645 1189 1709 auxilio
1212 1647 1344 1730 essent,
1366 1647 1483 1729 priua-

420 1767 557 1850 tosque,
572 1746 577 1759 “
592 1785 676 1851 quos
704 1768 738 1828 ul
759 1766 963 1851 imperioque
985 1767 1202 1856 magistratus
1224 1768 1292 1851 peti
1315 1765 1484 1850 uiderent,
1557 1754 1559 1759 ’

420 1885 584 1957 aduersus
606 1888 754 1952 iniuriam
776 1889 937 1973 appellati
960 1885 1180 1981 defenderent
1202 1890 1392 1974 auxilioque
1422 1908 1484 1952 suo

420 2011 522 2093 atque
543 2010 786 2075 intercessione
808 2013 983 2074 tuerentur
993 2001 1026 2089 ¹).

296 2143 333 2183 ὀι
350 2156 402 2184 o·-
483 2124 631 2194 Alienus
652 2131 772 2216 igitur,
804 2130 941 2196 decreto
970 2129 1143 2196 Praetoris
1167 2130 1333 2196 satisdare
1355 2132 1485 2219 iussus,

253 2212 273 2240 Ἰ
291 2213 331 2241 m
421 2269 490 2315 non
512 2252 621 2335 potuit
644 2267 685 2316 ea
707 2250 749 2316 de
770 2269 807 2317 re
835 2251 964 2318 directo
992 2254 1064 2317 lure
1092 2253 1297 2318 tribunorum
1327 2254 1485 2318 auxillum

421 2373 615 2460 impetrare,
647 2391 756 2457 neque
784 2376 989 2439 contrarium
1016 2392 1127 2440 eorum
1153 2372 1322 2441 decretum
1345 2375 1485 2462 elicere,

422 2511 487 2578 quo
510 2493 666 2560 satisdari
690 2497 847 2579 oportere
869 2499 1070 2584 negaretur,
1095 2514 1201 2582 eaque
1222 2497 1354 2561 ratione
1375 2494 1486 2562 Prae-

421 2618 505 2680 toris
527 2615 695 2683 decretum
718 2620 937 2683 euerteretur.

484 2737 601 2824 Neque
634 2740 824 2807 imminebat
856 2738 1030 2805 Praetoris
1063 2742 1254 2828 imperium,
1290 2760 1355 2826 quo
1390 2746 1487 2807 recta

422 2861 477 2925 uia
508 2859 656 2924 Alienus
685 2859 730 2924 ad
763 2859 991 2925 satisdandum
1021 2848 1295 2950 compelleretur,
1333 2862 1487 2948 adeoque

423 2981 565 3046 tribunis
587 2982 695 3065 plebis
716 2983 830 3046 auxilii
853 2981 982 3047 terendi
1005 2985 1139 3049 occasio
1162 2985 1392 3068 praeberetur.

484 3101 586 3168 Nulla
608 3104 694 3167 enim
717 3109 769 3168 est
791 3103 927 3169 directo
949 3103 993 3169 ad
1014 3103 1242 3170 satisdandum
1265 3107 1407 3172 coactio.

485 3223 666 3289 Enimuero
688 3243 784 3310 quem
804 3225 970 3291 satisdare
992 3229 1143 3314 oportet,
1170 3229 1221 3293 rel
1249 3228 1326 3294 loco
1355 3229 1485 3293 eonsti-

457 3538 484 3607 1)
504 3541 582 3594 Cous.
601 3541 765 3593 Hueobiium
781 3543 817 3593 ad
835 3555 861 3593 o·
880 3540 924 3594 38.
983 3541 1133 3592 euidenter
1157 3554 1213 3590 non
1233 3541 1288 3592 tori
1304 3542 1420 3593 donacio
1438 3555 1486 3592 neo

422 3644 471 3695 pro
489 3632 594 3694 Tullio,
614 3632 643 3683 in
661 3631 799 3683 Analeciis
819 3645 847 3694 p·
863 3631 946 3683 155„
982 3631 1106 3681 «comen
1135 3630 1297 3694 querelisque
1329 3630 1360 3681 de
1393 3630 1486 3680 obeen

426 3718 529 3770 Walter
547 3720 578 3769 ll.
595 3720 627 3771 G.
648 3734 675 3785 p.
689 3721 750 3772 162.
765 3734 823 3785 seq,
838 3736 865 3786 p.
878 3721 925 3774 85.
984 3718 1076 3768 ntibm
1087 3719 1241 3780 noscendis,
1260 3721 1305 3773 aed
1320 3721 1486 3771 intereeeeie

423 3808 490 3859 etll.
506 3809 543 3858 ibi
558 3809 615 3859 citt.
637 3835 664 3846 -
686 3809 815 3860 Videatur
834 3811 926 3874 impri-
984 3807 1086 3857 cados
1104 3806 1232 3870 somniis
1250 3808 1346 3870 quibos
1360 3822 1486 3871 praeean-

424 3893 926 3961 miedeinoexlil,1a.ssedquae
983 3890 1042 3946 aiei
1065 3894 1190 3959 fument:
1217 3898 1391 3952 clintonia,
1418 3910 1486 3960 quoe

425 3986 568 4036 urentibus
587 3987 680 4048 nobie,
699 4000 781 4050 quam
799 3988 834 4038 ob
848 4001 926 4037 eaus-
983 3997 1097 4035 aeorum
1107 3986 1192 4050 fieret.
1213 3990 1366 4045 arcanea,-
1380 3998 1412 4036 ac
1425 3999 1486 4049 pro-

425 4088 505 4125 neam
518 4075 636 4135 tribuni,
651 4076 697 4138 qui
709 4076 842 4129 baberent
853 4090 926 4126 eum·
984 4078 1098 4139 «pterea
1108 4074 1150 4124 ius
1159 4075 1323 4126 abnoctandi
1335 4075 1503 4136 {demtums

424 4178 438 4208 a
447 4177 519 4214 mam
533 4163 677 4217 coiireeudi
690 4169 863 4227 potestatem,
883 4165 926 4214 iue
982 4164 1151 4226 «quoniam,
1170 4170 1201 4213 ot
1214 4163 1271 4212 aim
1281 4163 1340 4228 fieri
1351 4167 1484 4218 namna.

424 4253 563 4304 «uocandi
587 4266 643 4302 non
667 4251 825 4304 habuerint:
853 4254 925 4316 quod
982 4252 1161 4303 «assiduitate
1191 4264 1286 4302 eorum
1309 4257 1338 4302 et
1359 4265 1486 4316 praeseu-

424 4343 545 4394 «tribuni
564 4341 651 4407 plebis
672 4341 820 4408 antiquitus
842 4342 926 4394 creati
983 4342 1074 4392 ulium
1091 4340 1178 4392 oculte
1196 4354 1265 4433 opup
1283 4346 1369 4392 arat.»
