3420 5280
900 1158 935 1245 S.
957 1161 992 1230 2.

419 1328 493 1410 Quo
522 1335 599 1398 iore
627 1327 804 1421 Naeuius,
836 1335 877 1398 ut
904 1332 995 1399 ioao
1026 1330 1182 1416 Quirrctii
1208 1334 1420 1421 possideret,
1452 1355 1477 1401 a

500 1449 673 1518 Proetore
694 1471 772 1519 carn
792 1453 1026 1541 postulauertt
1047 1459 1122 1519 tram
1143 1458 1396 1541 impetraverit.

478 1621 551 1687 lllls
571 1621 656 1687 satis
677 1621 840 1709 cognitis,
862 1640 948 1707 quae
970 1620 1082 1687 iudicii
1103 1620 1277 1687 ordinandi
1300 1639 1421 1689 caussa
1442 1624 1477 1687 in

411 1743 487 1807 iure
513 1740 603 1827 apud
638 1741 845 1808 Dolabellam
878 1741 1073 1809 Praetorem
1110 1743 1299 1829 disceptata
1331 1747 1409 1809 sunt
1442 1747 1476 1810 et

415 1866 606 1947 transacta,
641 1865 812 1950 sequitur,
846 1867 885 1928 ut
918 1883 1003 1950 quae
1036 1865 1070 1929 ln
1105 1864 1259 1931 iudicium
1292 1868 1478 1951 uenerunt,

415 1986 671 2071 sponsionisque
703 2002 856 2051 caussam
885 1987 920 2050 et
947 1986 1112 2052 actionem
1144 1987 1396 2074 continuerunt,
1418 2005 1478 2052 or-

416 2105 494 2171 dine
516 2110 783 2191 percenseamus

479 2224 612 2313 Quippe
633 2230 785 2323 sponsio,
819 2226 861 2293 de
883 2247 948 2313 qua
976 2228 1106 2317 agitur,
1139 2230 1186 2294 lta
1208 2233 1374 2314 concepta
1396 2229 1478 2315 iuit,

416 2352 453 2413 ut
475 2348 628 2415 iudicium
651 2351 684 2414 ln
707 2367 748 2415 ea
767 2367 805 2414 re
828 2351 932 2414 totum
955 2354 1168 2435 uersaretur,
1200 2351 1290 2416 horta
1324 2348 1479 2434 Quirtctit

417 2488 464 2535 ea
492 2468 623 2536 Edicto
654 2469 824 2536 Burrieni
851 2467 1037 2536 Praetoris
1066 2470 1141 2537 dier
1168 2468 1300 2538 XXX.
1317 2490 1478 2558 possesso

416 2597 534 2658 errem
553 2610 671 2658 rremrc.
725 2593 766 2657 In
788 2593 963 2677 proposita
985 2609 1066 2657 uero
1088 2595 1202 2677 specie
1223 2612 1321 2678 quum
1343 2594 1479 2677 praeter

415 2711 577 2779 Naeuium
598 2731 695 2778 nemo
718 2710 865 2795 Quinctii
891 2713 978 2778 bona'
1000 2731 1107 2800 neque
1128 2712 1338 2798 possederit,
1359 2731 1479 2799 neque,

416 2836 455 2898 ut
476 2833 681 2920 possideret,
704 2831 974 2919 postulauerit¹),
1000 2832 1139 2919 perinde
1161 2837 1234 2919 est,
1256 2852 1297 2901 ac
1319 2836 1347 2899 sl
1370 2835 1479 2899 nomi-

416 2955 519 3021 natim
541 2956 744 3041 quaeratur,
763 2951 925 3021 Naeuiae
947 2957 993 3020 lta
1015 2953 1203 3040 possederit
1226 2974 1332 3022 necne
1342 2952 1380 3031 2).

480 3077 551 3141 Iam
573 3077 731 3162 imprimis
751 3075 793 3141 ad
819 3075 906 3142 hanc
927 3078 1155 3162 quaestionem
1178 3079 1325 3161 pertinet
1346 3095 1479 3166 cogno-

417 3215 528 3284 scere,
563 3216 613 3262 ora
649 3194 832 3280 Quirtetioa
861 3201 898 3262 ia
926 3215 968 3262 eo
998 3217 1124 3265 carmen
1151 3195 1279 3285 socru,
1313 3203 1355 3264 at
1389 3199 1480 3264 torro

418 3323 493 3385 eiua
520 3318 698 3407 possidere
730 3315 870 3386 Naeuio
899 3322 1077 3386 incesset.
1136 3317 1210 3402 Qua
1242 3319 1285 3385 de
1314 3338 1352 3386 re
1381 3339 1479 3405 quom

418 3440 587 3525 peculiare
623 3438 787 3526 quoddam
823 3439 926 3505 fuerit
958 3439 1070 3519 Edicit
1109 3445 1235 3527 caput,
1277 3442 1333 3507 ubi
1377 3443 1480 3507 certis

417 3562 550 3650 legibus
571 3560 738 3647 finitisque
760 3563 890 3629 caussis
917 3567 1208 3649 enumerarentur,
1232 3582 1371 3649 quorum
1392 3562 1480 3627 bona

417 3681 582 3764 Praetor,
617 3685 654 3747 ut
677 3682 947 3768 possiderentur,
980 3687 1035 3770 et,
1071 3702 1144 3750 cum
1166 3702 1222 3750 res
1244 3684 1365 3769 ferret,
1393 3662 1480 3748 uen-

418 3802 596 3881 derentur,
628 3805 779 3868 iussurus
808 3806 916 3890 esset3
952 3806 1055 3891 primo
1089 3806 1165 3871 loco
1192 3804 1377 3885 uideamus,
1414 3825 1479 3891 quo

417 3926 548 3990 nomine
563 3921 740 4006 Quinctius
757 3926 791 3989 in
813 3923 892 3989 illud
910 3925 1063 4027 Edictum
1080 3929 1280 3992 commisisse
1296 3928 1338 3992 ab
1354 3925 1480 3992 adner-

418 4049 508 4112 sarlo
530 4047 747 4112 insimuletur.

454 4335 468 4384 1
501 4333 578 4385 Coni.
599 4349 623 4384 c.
643 4335 687 4386 23.
706 4336 750 4384 ai.
771 4336 814 4386 ⁶29.
1011 4331 1039 4394 ’2)
1062 4333 1126 4416 Vide
1146 4348 1225 4397 supra
1246 4350 1270 4397 p.
1293 4337 1319 4386 5.
