3352 5276
205 523 241 597 s.
261 518 300 589 8.
328 513 387 586 Ae.
407 511 470 600 Ψ.
490 515 677 587 absentem
694 520 795 585 reete
813 510 1021 609 defenderit
1038 534 1163 585 mene.
1205 513 1264 576 163

204 704 306 771 licere
315 697 369 781 37);
392 702 525 787 altera,
552 704 581 768 si
604 703 678 787 quis
699 720 772 767 oum
793 702 943 766 absentis
964 700 1144 767 defensore
1166 701 1264 767 uadi·
1284 718 1417 830 dffi'ssb

203 826 345 889 monium
375 825 582 890 contraxerit
608 828 647 889 in
674 823 852 889 dominam
879 822 1057 889 absentem
1084 822 1265 907 collatam,
1283 836 1375 932 ⁹32¹?ss

202 944 267 1011 hoc
290 948 358 1030 est,
380 948 417 1009 ut
439 946 468 1010 is
489 948 584 1011 eerto
607 943 661 1009 die
682 946 877 1026 sisteretur,
898 963 970 1009 eam
992 946 1123 1009 interim
1145 945 1266 1008 iustam

202 1040 431 1132 defensionem
459 1085 554 1152 esse,
571 1065 784 1151 dominoque
813 1065 891 1131 inde
912 1068 1044 1132 absenti
1061 1066 1120 1130 sui
1143 1064 1266 1131 defen-

202 1187 305 1269 dendi
337 1207 458 1255 caussa
493 1186 732 1274 quodammodo
769 1188 862 1253 diem
894 1191 1102 1277 acquisitam
1133 1187 1263 1274 uideri,

202 1324 265 1376 noe
287 1308 411 1375 diutius
427 1299 557 1375 trabere
579 1311 745 1381 actorem,
770 1308 858 1394 quod
880 1312 959 1373 aute
978 1307 1156 1373 uadimonii
1180 1308 1266 1372 diem

201 1433 273 1496 siue
301 1450 322 1496 a
351 1434 572 1516 procuratore
599 1432 671 1495 siue
700 1449 721 1495 a
749 1429 882 1495 domiuo
904 1428 1114 1523 defensionis?
1134 1432 1265 1495 nomine

201 1554 350 1637 requirat
371 1560 430 1616 aut
453 1552 720 1635 praetermissum
746 1570 821 1617 esse
844 1553 963 1617 merito
988 1544 1266 1636 conquesturi).

264 1708 360 1792 Quae
383 1730 480 1795 quum
502 1712 549 1774 ita
566 1712 648 1796 siut,
672 1708 750 1795 quid
772 1709 836 1776 hoc
858 1707 993 1774 tandem
1014 1710 1090 1774 loeo
1112 1706 1265 1774 Hortenss

201 1835 271 1899 sius
293 1831 423 1914 habuit,
457 1831 545 1916 quod
572 1833 727 1896 iniustam
749 1830 992 1917 inualidamque
1015 1829 1127 1897 dicere
1150 1831 1265 1897 Alfeni

202 1953 429 2018 defensionem
452 1944 718 2036 perseueraret?
1242 2020 1244 2025 ,

266 2075 317 2139 De
340 2075 427 2158 iure,
457 2072 663 2158 quodmodo
693 2072 1007 2162 demonstrauimus,
1037 2068 1266 2165 repugnauit‘i

201 2196 277 2262 Non
306 2195 416 2262 eredo.
462 2192 511 2260 [le
542 2196 729 2260 uadimouio
759 2197 922 2280 promisso
945 2190 1115 2283 negauit?
1158 2199 1210 2264 Ne
1233 2199 1266 2264 id

203 2318 342 2404 quidem.
400 2314 488 2398 Quid
522 2336 604 2406 ergo
642 2308 725 2383 est‘i
768 2318 866 2383 Hane
903 2321 1055 2384 existimo
1092 2321 1266 2386 Hortensii

202 2442 384 2504 orationem
400 2438 694 2523 defensionemque
717 2438 837 2521 fuisso,
860 2443 896 2502 ut
919 2440 1141 2531 uehementer,
1156 2462 1266 2531 nega-

201 2566 270 2643 ret,
306 2562 444 2626 liberum
474 2561 602 2625 Naeuio
631 2558 757 2641 fuisse,
789 2563 897 2623 utrum
921 2562 972 2624 ius
994 2582 1088 2626 suum
1112 2567 1267 2648 persequi

202 2701 245 2747 au
267 2680 487 2746 uadimonium
509 2680 552 2744 ab
575 2678 701 2743 Alfeno
725 2681 878 2763 accipere
903 2681 1026 2747 mallet.
1067 2684 1163 2748 Illum
1186 2704 1266 2750 uero

236 2965 280 3031 37)
300 2968 330 3016 L.
345 2967 371 3016 5.
392 2964 420 3029 §-
435 2967 462 3020 3.
483 2967 636 3016 ludioatum
652 2967 705 3016 sol·

202 3058 239 3105 ui.
269 3052 419 3118 (Ulpianus)
439 3055 537 3106 «Nune
556 3038 704 3117 videamus,

202 3145 310 3207 «qualis
338 3143 460 3193 defensio
491 3145 633 3205 exigatur,
669 3157 704 3193 ne

202 3233 407 3282 «committatur
425 3232 574 3295 stipulatio,
594 3237 621 3282 et
639 3246 703 3295 qua·

203 3335 286 3370 «rum
314 3333 503 3383 personarum.
546 3321 579 3369 Et
600 3321 623 3370 si
647 3321 704 3383 qui-

202 3410 287 3459 «dem
305 3423 336 3459 er
355 3410 479 3472 personis
498 3411 662 3458 enumeratis
676 3410 704 3458 in

201 3513 215 3543 a
224 3497 412 3547 defensionem
423 3498 484 3560 quis
497 3498 639 3556 succedat,
660 3510 704 3559 pa-

201 3587 278 3635 ulam
296 3593 338 3636 est
355 3591 428 3635 reate
447 3599 504 3636 rem
526 3585 635 3635 defendi
653 3599 704 3634 uec

201 3676 354 3724 «committi
369 3674 582 3737 stipulationem:
602 3675 624 3722 si
638 3687 705 3723 uero

202 3765 391 3813 «extrinsecus
413 3776 529 3826 persona
554 3761 704 3812 defensoris

202 3851 406 3912 «interueniat,
450 3865 538 3916 aeque
567 3852 704 3914 stipulatio

202 3952 277 3988 ‹tnou
295 3941 496 3999 committetur;
518 3942 539 3990 si
560 3941 640 3991 modo
659 3941 704 3990 ille

203 4042 216 4071 u
225 4033 333 4089 paratus
352 4029 386 4076 sit
404 4042 460 4078 rem
481 4030 545 4079 boui
564 4030 615 4078 uiri
635 4029 705 4079 arbi·

203 4121 295 4164 stratu
314 4115 474 4176 defendere,
507 4119 632 4178 honest,
662 4131 703 4168 sa·

203 4204 332 4253 «tisdare.
379 4203 423 4252 Sie
441 4206 513 4254 euim
532 4207 641 4256 uidetur
658 4207 703 4256 de-

203 4291 336 4341 ofeudere
353 4292 376 4340 si
392 4292 456 4340 satis
469 4292 522 4342 det.
560 4294 703 4344 Caeterum

204 4382 248 4430 «si
267 4380 425 4443 simpliciter
443 4385 550 4442 paratus
570 4383 604 4432 sit
622 4384 702 4432 iuter-

763 2971 894 3029 «uenire,
926 2984 973 3020 nee
991 2972 1171 3027 admittatur,
1193 2987 1265 3023 oom-

764 3072 777 3103 n
786 3059 906 3108 mittetur
923 3059 973 3109 ista
997 3061 1135 3124 stipulatio
1153 3064 1189 3114 ob
1208 3076 1266 3113 rem

763 3159 841 3195 «uon
872 3146 1021 3198 defensam.
1062 3148 1140 3210 and
1158 3155 1181 3202 si
1206 3157 1266 3216 qais

763 3234 844 3285 «eam
867 3236 918 3300 neb¹
937 3251 995 3287 eam
1021 3240 1197 3292 satisdatione
1225 3243 1266 3294 ael

762 3324 839 3373 asine
851 3326 1025 3377 satisdatione
1038 3329 1186 3384 admiserit,
1202 3345 1265 3381 eon-

762 3425 903 3475 «sequeus
932 3416 984 3465 erit
1013 3416 1133 3479 dicere,¹
1154 3420 1264 3483 stipula-

762 3514 775 3543 «
784 3500 866 3550 tionis
877 3503 953 3552 istius
962 3504 1066 3555 nullam
1076 3512 1179 3568 partem
1193 3521 1265 3558 eom·

763 3589 870 3648 omitti;
897 3592 962 3652 qnia
985 3592 1036 3641 sibi
1061 3595 1195 3656 imputare
1215 3593 1262 3660 (al.

764 3676 921 3740 (amputari)
950 3679 1025 3729 debet
1050 3683 1097 3743 qni
1120 3681 1167 3744 (al.
1188 3682 1263 3749 quia)

763 3765 864 3821 ntalem
889 3766 1050 3828 defensorem
1073 3771 1211 3822 admisit.»
1233 3800 1261 3810 -

762 3851 840 3902 Couf.
866 3855 896 3907 L.
924 3855 950 3905 3.
988 3860 1025 3907 De
1047 3858 1261 3912 fideiussoribus.

761 3942 791 3989 t.
828 3944 870 3992 10.
912 3941 940 4006 ὅ.
970 3947 996 3994 1.
1051 3947 1102 4009 Qui
1133 3951 1263 4001 satisdare

762 4036 902 4092 cogantur.
951 4034 980 4082 L.
1008 4035 1051 4085 bb.
1080 4052 1120 4099 pr.
1166 4039 1196 4089 L.
1217 4039 1260 4089 ot.

759 4120 798 4168 De
818 4124 1046 4181 procuratoribus.

794 4206 839 4270 38)
859 4209 959 4260 Vereor
977 4226 1011 4261 ue
1025 4215 1146 4275 putidum
1166 4216 1212 4276 sit,
1233 4218 1261 4265 iu

760 4309 789 4344 re
809 4300 949 4361 perspicua
974 4303 1054 4350 etiam
1077 4304 1261 4353 testimonium

759 4391 918 4450 extorquere
937 4388 1001 4452 Legi
1020 4389 1046 4438 3.
1084 4391 1123 4440 lie
1142 4392 1258 4442 iudiciis.
