3352 5276
217 508 314 594 §MS
341 503 400 577 Aa
419 501 483 590 θ’.
502 503 691 577 absentem
707 510 810 577 recte
826 501 1038 601 defenderat
1053 503 1282 578 necae.155

216 698 272 761 uel
293 693 392 760 bodie
420 713 501 777 nos,
538 692 676 778 perinde
704 666 805 778 atque
833 692 876 758 de
902 691 1073 758 seditiosis
1094 711 1136 759 ac
1161 693 1284 758 turbu·
1300 700 1401 800 rans
1395 704 1442 741 ιώ

216 819 287 883 lent
289 819 348 882 is
338 836 371 881 ιιι
401 816 574 901 republica
602 813 754 904 gerenda
781 815 923 880 tribunis
952 815 1092 900 plurima
1125 816 1382 903 legimus,
1301 831 1359 869 r·
1300 761 1382 858 *⁰¹¹¹ss
1354 770 1441 810 ψ

215 942 344 1024 pariter
365 940 463 1004 etiam
486 935 686 1002 abundaturi
702 954 852 1002 essemus
866 938 1030 1021 exemplis
1044 955 1172 1019 eorum,
1197 955 1282 1020 quae

216 1062 304 1125 inter
326 1059 555 1125 dissensiones
576 1060 775 1142 pracsertim
798 1058 915 1125 ciuiles
929 1059 963 1122 in
979 1058 1104 1122 auxilio
1119 1057 1283 1123 aduersus

216 1181 411 1246 Praetorum
435 1179 695 1246 iurisdictionem
718 1184 790 1246 siue
812 1179 952 1246 terendo
978 1182 1051 1245 siue
1079 1179 1282 1268 denegando

215 1321 236 1368 a
257 1303 398 1368 tribunis
420 1302 528 1388 plebis
544 1301 620 1366 odio
638 1304 672 1367 et
690 1304 822 1391 gratiae
838 1296 1048 1386 partiumque
1065 1301 1179 1366 studio
1194 1319 1282 1395 con-

215 1443 329 1505 cessa,
362 1427 479 1523 atque
493 1426 578 1489 citra
607 1424 707 1488 ullam
730 1425 911 1508 aequitatis
933 1425 1184 1502 excusationem
1206 1441 1281 1488 am-

216 1546 338 1613 bitiose
361 1545 547 1630 cupideque
567 1548 667 1634 gesta
693 1546 816 1611 essent.

277 1667 482 1732 Hortensius
492 1666 653 1732 Naeuium
668 1642 854 1731 defendens
866 1666 1016 1754 negauit,
1031 1665 1137 1730 ruisse
1152 1665 1281 1732 Naeuio

215 1807 329 1873 parem
351 1806 424 1854 cum
448 1788 574 1853 Alieno
596 1791 813 1854 certationem
841 1788 898 1851 illo
926 1789 1093 1871 tempore,
1123 1786 1190 1851 iilis
1217 1786 1283 1853 do-

215 1910 426 1975 minantibus.
468 1907 568 1975 llaud
590 1910 807 1992 improbabile
830 1908 960 1995 quidem
982 1907 1016 1972 id
1040 1911 1163 1993 ipsum,
1186 1909 1282 1994 quic-

216 2030 295 2116 quid
316 2027 435 2098 Cicero
458 2035 579 2097 contra
600 2030 701 2097 dicat.
739 2029 794 2094 nt
812 2050 966 2120 magnum
982 2033 1074 2113 certe
1091 2029 1154 2096 bac
1168 2034 1282 2097 aetate

215 2170 329 2217 eorum
356 2153 563 2241 litigatorum
595 2171 765 2216 numerum
795 2152 916 2236 fuisse,
949 2154 1006 2237 qui
1034 2155 1208 2219 uerissime
1233 2155 1282 2218 ita

216 2274 450 2360 quererentur,
472 2275 586 2360 ecquis
608 2276 643 2338 in
666 2272 799 2339 dubium
821 2266 986 2341 uocabit?

276 2449 383 2535 Atqui
404 2453 618 2536 perspicuum
640 2453 710 2537 cst,
731 2470 796 2536 quo
818 2452 924 2516 maior
944 2470 1024 2536 spes
1040 2455 1132 2542 esset
1147 2453 1281 2538 iniquae

214 2572 421 2637 tribunorum
463 2573 715 2655 intercessionis
751 2570 915 2636 aduersus
956 2573 1045 2638 iusta
1083 2572 1281 2638 Praetorum

216 2691 354 2758 decreta
395 2691 649 2777 impetrandae,
693 2711 734 2757 eo
774 2694 1012 2778 propensiores
1047 2692 1089 2759 ad
1129 2694 1283 2759 tribunos

216 2815 323 2900 plebis
355 2814 576 2901 appellandos
611 2814 716 2880 fuisse
747 2816 960 2904 litigatores,
996 2817 1052 2900 qui
1088 2815 1180 2880 nullo
1216 2834 1281 2881 ne·

216 2955 280 3021 que
312 2938 383 3002 iure
411 2955 520 3022 neque
548 2937 729 3022 aequitatis
757 2938 854 3002 titulo
882 2939 1016 3023 muniti,
1050 2938 1146 3001 immo
1169 2937 1282 3025 gratia

217 3058 346 3144 potius,
379 3060 547 3145 potentia,
580 3060 721 3144 partium
755 3058 885 3145 studio,
919 3061 954 3122 ui
987 3060 1021 3123 et
1050 3059 1171 3123 iniuria
1201 3057 1280 3124 freti

214 3177 388 3244 Praetoris
423 3181 557 3268 iustam,
592 3198 677 3265 quae
708 3181 771 3247 sibi
807 3180 1031 3266 impenderet,
1066 3182 1281 3246 seueritatem

215 3318 430 3389 oppugnare,
461 3304 632 3391 euertere,
665 3302 831 3368 frustrare
859 3304 961 3388 atque
989 3320 1009 3367 a
1041 3319 1079 3368 se
1110 3301 1281 3388 depellere
1379 3324 1381 3330 ·

217 3424 430 3488 conarentur.

276 3598 393 3684 Neque
414 3617 553 3683 prorsus
574 3597 697 3665 desunt
726 3619 768 3666 ex
791 3603 989 3688 antiquitate
1013 3602 1166 3681 exempla
1188 3603 1281 3669 eius-

215 3720 304 3785 modi
335 3723 618 3808 appellationum,
652 3741 734 3808 quas
766 3725 830 3787 iuri
862 3724 1062 3808 explorato,
1091 3725 1281 3811 aequitati,

216 3840 336 3927 pudori
363 3846 551 3910 contrarias
579 3862 688 3932 neque
716 3845 965 3931 appellantibus
997 3863 1106 3932 neque
1136 3846 1281 3913 tribunis

217 3963 263 4048 pl.
278 3963 439 4031 honestas
453 3966 558 4032 fuisse
573 3966 770 4052 habitasque
786 3985 879 4048 esse,
902 3967 1082 4052 quinetiam
1099 3967 1279 4054 aliquando

251 4222 490 4295 mmmm
