3310 5280
250 532 288 609 s.
318 524 356 595 9.
398 518 581 620 Defensio
597 527 639 596 in
654 533 786 623 portes
803 526 975 625 locosque
992 523 1149 626 differto.
1199 526 1259 588 119

200 716 289 780 nisse
297 707 352 797 ²⁰),
379 721 480 799 atque
501 711 659 778 hortante
688 714 821 779 tribuno
844 715 954 800 piebis
974 717 1128 800 metuque
1150 715 1258 778 inter·
1277 723 1411 820 Ἥρῃ

199 837 363 902 cessionis
388 837 437 901 sio
464 837 669 901 transactam
696 854 789 915 esse,
825 838 862 899 nt
888 834 1109 900 uadimonium
1129 836 1257 902 Naeuio
1276 838 1363 877 „aare

199 956 346 1021 Alienus
375 954 522 1037 Quinctii
557 960 690 1021 nomine
726 959 952 1042 promitteret,
988 962 1123 1023 caetera
1161 975 1257 1042 uero,

200 1098 285 1165 quae
327 1079 370 1144 ad
412 1078 636 1145 uenditionem
666 1080 826 1145 bonorum
860 1081 1093 1171 pertinerent,
1129 1081 1258 1144 interea

199 1195 454 1279 sisterentur²¹).
509 1198 596 1282 Quid
625 1203 728 1290 igitur
757 1204 888 1283 mirum,
917 1220 1024 1287 neque
1051 1204 1258 1267 conuocatos

198 1341 274 1388 esse
296 1323 482 1389 creditores
503 1340 611 1408 neque
634 1323 721 1388 bona
742 1317 917 1388 neniisse‘t

261 1443 356 1526 Quae
386 1445 479 1511 iacta
507 1446 575 1508 sint
603 1461 709 1510 necne
737 1464 833 1529 quum
855 1444 897 1510 ad
918 1447 1024 1532 ipsam
1045 1448 1258 1530 sponsionem

198 1566 279 1633 nihil
308 1570 452 1633 attineat
488 1564 715 1653 quaererem),
751 1568 921 1653 possessio
952 1570 1063 1631 autem
1099 1568 1258 1633 bonorum

198 1692 297 1753 etiam
326 1694 405 1774 post
432 1688 652 1754 uadimonium
679 1688 759 1754 iilud
794 1691 1002 1754 contractum
1032 1690 1067 1753 et
1100 1687 1191 1753 iacto
1224 1692 1259 1754 et

198 1811 361 1875 Praetore
393 1813 532 1876 auctore
564 1806 800 1892 durauerit22),
835 1828 903 1874 non
932 1813 1046 1894 potest
1071 1811 1135 1873 iste
1164 1810 1259 1874 locus

198 1934 297 1995 aliter
318 1934 453 2020 urgeri,
479 1934 541 1996 nisi
569 1935 663 1996 utin
692 1933 879 2016 primariam
912 1929 999 1996 hanc
1030 1932 1258 2015 quaestionem

198 2052 342 2140 incidas,
364 2052 520 2119 uidelicet
542 2052 762 2119 uadimonium
777 2053 857 2118 illud
879 2054 1031 2118 iustaene
1053 2050 1259 2117 defensionis

197 2177 262 2239 uim
284 2173 456 2262 habuerit,
476 2195 517 2243 ao
538 2170 777 2262 possessionis,
801 2177 949 2261 quamuis
971 2173 1063 2239 iacto
1078 2176 1258 2241 continua-

197 2299 270 2379 tae,
300 2316 395 2362 omne
421 2301 474 2362 ins
500 2297 708 2379 dissoluerit,
743 2316 787 2361 an
816 2299 936 2364 contra
963 2296 1007 2362 ad
1033 2296 1257 2361 uenditionem

197 2422 324 2484 tantum
362 2421 520 2484 bonorum
558 2417 770 2484 differendam
805 2420 976 2504 uoluerit,
1012 2420 1258 2502 possessionem

196 2559 278 2605 uero
300 2543 334 2603 in
355 2559 416 2604 suo
438 2544 530 2604 statu
552 2544 617 2603 tam
640 2543 712 2604 iure
735 2558 830 2623 qnam
852 2540 944 2604 facto
965 2539 1160 2602 incolumem
1175 2540 1258 2603 reli·
1337 2622 1338 2626 Ἰ

197 2663 315 2746 querit.
358 2658 433 2741 Qua
454 2658 496 2725 de
517 2678 555 2724 re
577 2658 654 2724 uide
677 2679 762 2745 quae
783 2679 886 2743 supra
901 2651 1171 2736 tractaurmusii).
1202 2659 1257 2724 Ex

197 2784 373 2866 proposito
395 2790 504 2847 autern
527 2783 671 2846 oratoris
692 2783 767 2848 loco
790 2800 857 2845 non
879 2781 987 2847 habeo
1009 2779 1097 2866 quod
1120 2781 1257 2867 addam,

197 2922 306 2987 neque
327 2905 488 2985 arbitror,
522 2900 577 2968 ad‘
595 2903 788 2969 soluendam
813 2904 901 2967 illam
924 2904 1151 2989 quaestionem
1172 2921 1257 2994 gra-

196 3025 272 3139 uius
294 3023 470 3109 quidquam
492 3025 569 3090 inde
591 3025 714 3091 hauriri
737 3027 897 3110 potuisse.

259 3183 365 3250 Plane
394 3182 482 3269 quod
516 3187 693 3269 praetereo
727 3180 845 3252 Cicero
878 3187 1011 3269 iniecit,
1047 3190 1256 3253 caeterorum

196 3303 397 3370 creditorum
426 3304 469 3369 ad
496 3307 659 3370 rationem
681 3307 768 3370 illam
791 3308 951 3372 bonorum
974 3305 1120 3388 Quinctii
1143 3310 1256 3393 possi-

196 3425 378 3490 dendorum
413 3428 574 3492 neminem
610 3422 864 3512 accessisse²⁵),
900 3430 1060 3495 neminem
1096 3447 1256 3494 accusare

196 3545 401 3630 Quinctium,
437 3551 532 3633 quasi
559 3549 743 3614 latitauerit
771 3538 828 3615 aut
858 3553 1109 3635 procuratorem
1134 3551 1257 3616 absens

197 3670 319 3734 nulium
340 3671 529 3757 reliquerit,
556 3674 614 3735 aut
631 3671 715 3736 alias
736 3671 820 3736 male
842 3673 968 3760 egerit:
990 3671 1023 3736 id
1045 3688 1126 3737 uero
1149 3690 1256 3758 neque

231 4012 373 4069 20)(3011.
394 4012 422 4077 §-
442 4016 468 4066 7.
492 4031 519 4079 p.
540 4016 600 4065 123.
621 4029 697 4079 seqq.
788 4015 836 4076 at)
853 4013 882 4079 ὅ.
901 4016 927 4066 8.
948 4031 974 4079 p.
996 4016 1057 4066 163.
1076 4030 1152 4081 seqq.

229 4101 278 4164 21)
296 4102 374 4152 Comi.
393 4099 422 4164 §-
442 4104 467 4154 8.
493 4119 518 4167 p.
540 4104 600 4156 163,
620 4118 695 4168 seqq.
789 4105 835 4160 25)
854 4119 880 4155 o.
899 4105 944 4155 23.
965 4105 1010 4156 24.
1030 4106 1073 4157 29.
1097 4131 1128 4143 -
1165 4107 1204 4155 De
1222 4120 1254 4156 eo

231 4191 333 4245 221111
359 4205 413 4254 qua
431 4193 494 4243 uide
512 4207 593 4258 supra
620 4191 649 4256 §-
669 4195 692 4244 1.
754 4193 918 4244 creditorum
937 4194 995 4245 iuro
1014 4195 1076 4244 uide
1089 4208 1169 4256 snpra
1182 4192 1211 4255 §.
1226 4195 1253 4244 3.

197 4293 223 4341 p·
244 4279 271 4331 1.
290 4279 335 4328 27.
754 4297 779 4345 p.
798 4283 842 4333 71.

231 4366 275 4422 23)
288 4364 363 4418 Coni‘⁴
372 4363 434 4428 §.L
446 4368 523 4429 [121.
532 4364 685 4431 §.doddo
