3352 5276
282 705 332 743 Pur

345 704 418 756 pamm

281 956 348 998 Μωι

457 502 519 564 iit
568 498 664 601 Gap.
687 500 720 575 1.
775 497 835 574 De
860 503 946 574 iare
970 520 1131 574 eaaaaae
1161 496 1423 586 Quinctianae.

516 686 605 758 Sunt
627 690 761 778 singula
786 692 968 776 utriusque.

516 811 573 878 Ad
597 814 738 897 priorem
761 810 827 878 hoo
848 813 1010 899 pertinet:

515 933 591 1001 Non
621 937 733 1019 poteri
762 932 801 998 P.
828 930 1005 1015 Quinctius
1032 929 1069 1001 S.
1095 932 1225 999 Naeuio
1255 931 1431 1019 quidquam
1453 931 1518 999 de-

453 1058 542 1124 bere.
595 1055 679 1121 Nam
701 1055 731 1127 31
754 1053 832 1141 quid
854 1054 1054 1142 deberetur,
1082 1074 1129 1121 ee
1159 1051 1241 1121 0311
1272 1053 1402 1141 fratria
1431 1073 1514 1142 per-

450 1196 539 1246 131111
545 1228 556 1268 ,
578 1180 633 1244 eui
654 1177 754 1244 heres
777 1180 830 1243 331
837 1226 847 1266 ,
880 1176 997 1242 deberi
1017 1195 1157 1243 neeesse
1179 1180 1281 1242 33331.
1322 1176 1430 1261 Atqui
1452 1195 1515 1242 ne-

451 1319 515 1385 que
537 1296 679 1387 30313,
702 1298 778 1364 dum
800 1299 952 1383 uiuebat,
973 1317 1083 1384 neque
1105 1316 1126 1363 a
1148 1297 1267 1365 Publio
1289 1297 1414 1364 herede
1437 1301 1515 1383 post

451 1427 587 1487 mortem
615 1422 686 1489 Caii
707 1421 857 1487 Naeuius
878 1421 1012 1506 petiuit,
1040 1439 1084 1485 ne
1106 1418 1192 1484 dixit
1214 1419 1343 1506 quidem
1366 1420 1430 1485 sibi
1452 1418 1516 1485 de-

451 1544 540 1629 beri,
569 1545 718 1629 quamuis
747 1561 869 1607 annum
902 1545 937 1606 et
959 1559 1000 1607 eo
1022 1540 1148 1607 diutius
1169 1560 1243 1609 eum
1264 1560 1305 1607 eo
1328 1543 1361 1606 in
1385 1540 1516 1624 Gallia,

449 1665 505 1732 ubi
534 1666 800 1732 3313133313133
829 1666 864 1729 31
895 1681 1010 1729 omnes
1037 1663 1172 1728 litterae
1201 1665 1335 1749 essent,
1372 1665 1515 1750 uixerit,

447 1789 548 1871 atque
563 1785 778 1873 admonendi,
800 1782 1014 1870 appellandi,
1029 1787 1100 1850 iure
1114 1783 1302 1869 iudicioque
1317 1783 1514 1870 experiundi

450 1910 652 1992 potestatem
687 1925 820 1992 semper
854 1904 1018 1971 habuerit.
1073 1905 1184 1996 Ergo,
1220 1908 1292 1971 3133
1324 1923 1516 1972 communes

450 2027 614 2093 hominum
636 2047 762 2117 mores,
785 2029 857 2093 3133
880 2045 965 2112 quae
980 2026 1099 2094 Naeuii
1121 2029 1166 2092 sit
1187 2029 1311 2092 natura
1331 2030 1515 2111 spectaue-

450 2151 513 2231 ris,
544 2169 612 2214 non
634 2151 744 2234 potuit
767 2151 796 2215 ei
820 2147 995 2234 quidquam
1018 2167 1038 2214 3
1062 2146 1218 2231 Quinctio
1241 2124 1396 2227 11313119).
1438 2147 1514 2231 Quo

449 2271 599 2339 cumulus
624 2268 779 2346 accedat,
801 2275 913 2337 monet
935 2276 1065 2357 orator,
1087 2290 1130 2337 ne
1155 2290 1244 2338 nune
1263 2271 1403 2358 quidem,
1425 2271 1516 2356 quod

450 2392 513 2458 sibi
545 2391 725 2480 debeatur,
760 2392 922 2460 Naeuium
945 2398 1078 2478 petere,
1107 2392 1167 2459 3311
1190 2392 1394 2479 praeiudicio
1416 2394 1516 2459 maiie

450 2532 523 2580 eum
545 2533 669 2579 summo
692 2512 839 2596 Quinctii
863 2515 1012 2599 perieuio
1034 2516 1191 2601 nullaque
1205 2535 1267 2583 sua
1282 2515 1325 2581 ad
1340 2518 1515 2601 pecuniam

448 2635 711 2721 recuperandam
734 2638 880 2704 utilitate
902 2638 1048 2722 experiri
1058 2630 1111 2714 ¹⁰).

512 2819 607 2904 Quae
637 2825 744 2889 omnis
772 2825 1019 2913 argumentatio
1049 2842 1144 2909 quarn
1179 2823 1325 2891 inualida
1347 2825 1389 2889 311
1411 2830 1515 2909 atque

448 2942 597 3028 caduca,
632 2946 811 3031 neminem,
848 2946 985 3030 opinor,
1011 2948 1059 3011 131
1084 2942 1275 3012 iudiciariae
1304 2944 1515 3013 mediocriter

450 3064 579 3150 quidem
602 3068 744 3150 peritum
767 3067 895 3132 iatebit.

387 3293 392 3305 ·
512 3251 614 3316 Alter
642 3254 737 3318 13333
765 3257 818 3319 331
853 3253 896 3320 de
927 3253 1115 3321 uadimonio
1144 3254 1291 3321 11333113.
1348 3254 1399 3321 ao
1431 3274 1514 3321 uero

448 3368 624 3440 Ciceronla
645 3377 837 3442 excusatio:

509 3559 741 3627 Vadimonium
776 3558 953 3643 Quinctius
985 3581 1052 3628 non
1089 3562 1260 3650 deseruit,
1302 3566 1424 3650 quippe
1460 3566 1514 3630 eui
1635 3572 1636 3597 ¹

447 3683 572 3748 nullum
594 3686 663 3749 tum
685 3702 759 3751 eum
780 3685 909 3750 Naeuio
931 3683 1152 3750 uadimonium
1174 3685 1293 3765 1113111,
1325 3687 1426 3751 misso
1447 3703 1514 3751 an-

449 3807 505 3868 tea
533 3804 625 3871 iaetu
659 3803 748 3891 quod
775 3805 904 3870 fuisset.
948 3806 1159 3894 Argumenta
1182 3825 1277 3892 3333,
1309 3805 1417 3893 quod,
1447 3827 1514 3892 quo

449 3923 505 3989 die
540 3923 760 3991 uadimonium
802 3924 884 3991 iliud
927 3932 1135 3995 contractum
1179 3947 1255 3994 3333
1296 3928 1445 3994 Naeuius
1494 3948 1518 3994 a

448 4043 606 4127 Quinctio
627 4048 858 4136 interrogatus
878 4050 1057 4137 aliquando
1080 4051 1309 4147 responderit,
1332 4070 1372 4117 33
1395 4050 1449 4117 die
1474 4071 1518 4117 ne

482 4352 511 4412 3)
531 4368 555 4402 c.
576 4354 619 4401 11.
641 4353 684 4402 13.
1040 4355 1083 4418 13)
1105 4372 1128 4406 c.
1150 4358 1192 4407 13.
