3310 5280
419 535 460 606 io
486 535 659 607 oratione
683 555 756 632 pro
786 528 974 619 Quinctio.
1180 532 1244 598 2⁰⁷

179 725 258 788 tiam
286 724 544 808 accuratamque
570 720 795 811 cognitionem
822 722 981 807 imprimis
1012 740 1090 789 esse
1119 740 1246 791 neces-
1263 740 1351 783 aum
1364 756 1416 785 a..

179 846 320 929 sariam3
348 862 389 910 ea
415 843 543 910 demum
565 845 820 929 acquisitorem
848 847 924 934 geri
945 863 1111 930 prospere
1132 862 1244 931 posse.

180 965 262 1032 Ideo
294 964 424 1032 modico
453 968 512 1031 ilio
540 961 699 1033 Codicum
728 985 884 1054 numero,
919 967 1014 1033 cuius
1040 970 1245 1052 potestatem

179 1092 300 1153 nactus
326 1107 398 1152 sum
429 1080 555 1177 (longe
584 1090 670 1152 enim
698 1088 814 1173 plures
841 1091 920 1154 sunt
946 1089 969 1152 ii
992 1107 1077 1174 quos
1098 1088 1243 1155 nondum

180 1200 287 1293 uidi),
309 1211 358 1276 sio
380 1209 538 1275 utendum
561 1227 637 1276 esse
659 1210 796 1294 putaui,
827 1214 864 1274 ut
886 1212 982 1276 iuxta
1002 1212 1110 1276 bonas
1129 1212 1245 1296 utique

179 1332 343 1397 lectiones
364 1333 426 1396 aut
445 1331 638 1415 probabiles
658 1331 776 1395 saitem
807 1350 872 1396 seu
895 1331 1055 1398 dubiosas
1075 1349 1135 1398 eas
1157 1352 1245 1418 quo-

180 1471 244 1538 que
266 1455 496 1537 obseruarem,
530 1470 616 1537 quae
637 1454 755 1536 aperte
778 1452 909 1537 quidem
930 1456 1111 1545 corruptae
1132 1458 1245 1522 tamen

178 1575 221 1641 ad
244 1574 514 1665 cognoscendam
539 1569 698 1640 Codicum
723 1577 876 1641 naturam
902 1579 936 1641 et
958 1577 1120 1665 originem
1143 1580 1244 1663 atque

178 1697 221 1763 ad
237 1695 479 1763 discernendas
494 1697 588 1781 quasi
603 1698 728 1781 stirpes
749 1714 790 1765 ac
810 1697 954 1763 familias
975 1698 1155 1763 utilitatem
1176 1697 1244 1763 ali·

179 1839 276 1906 quam
298 1819 510 1903 fructumque
532 1820 745 1904 praeberent.

244 1941 294 2006 bia
322 1959 404 2005 uero
434 1942 566 2006 ratione
597 1940 719 2006 ductus
749 1940 898 2008 locutios
924 1925 1106 2026 praecipue
1133 1938 1245 2006 adno-

179 2066 274 2148 tant,
288 2063 419 2129 scilicet
441 2081 516 2147 eas,
538 2065 701 2147 quaeant
724 2063 875 2127 omnibus
895 2065 953 2127 aut
973 2063 1124 2149 pluribus
1137 2061 1244 2130 codi-

179 2186 273 2251 cibus
295 2187 409 2250 essent
431 2202 636 2267 communes3
673 2203 769 2269 quom
792 2185 1060 2250 obseruationem
1081 2203 1243 2269 nusquam

179 2306 286 2396 magis
308 2324 404 2391 quam
426 2307 460 2371 in
482 2306 546 2373 bac
569 2308 722 2373 oratione
743 2307 890 2371 arbitror
911 2305 954 2372 od
975 2324 1045 2371 rem
1060 2308 1242 2392 pertinere.

178 2427 233 2493 Ex
263 2448 327 2513 quo
357 2447 455 2513 quum
483 2429 596 2494 statim
625 2429 859 2513 apparuisset,
888 2445 965 2492 esse
987 2446 1115 2512 paucos
1136 2448 1242 2514 quos-

179 2548 254 2615 dam
286 2567 307 2614 a
335 2540 532 2637 uulgaribus
561 2549 751 2615 defectibus
793 2547 1026 2633 quadantenus
1061 2549 1240 2635 immunes,

178 2689 287 2756 neque
310 2672 420 2734 tamen
442 2671 667 2756 peculiaribus
689 2670 901 2755 propriisque
923 2668 1146 2756 deformem,
1182 2688 1242 2737 eos

178 2793 213 2855 in
242 2792 408 2856 uarietate
437 2809 568 2876 quoquc
598 2789 775 2881 seligenda
805 2791 919 2876 paullo
949 2792 1102 2876 potiores
1131 2790 1242 2859 habui.

178 2910 325 2995 Quorum
357 2931 494 2978 numero
526 2914 605 2977 sunt
641 2909 719 3003 Pe,
752 2911 798 2999 lc,
829 2928 881 3001 no,
910 2914 1030 2998 partim
1053 2915 1153 2979 etiam
1175 2910 1242 2980 Pu.

179 3035 310 3101 Deinde
333 3053 428 3120 quem
450 3032 547 3099 modo
571 3035 738 3099 nominaui
752 3033 910 3101 codicem
931 3032 989 3101 Pie
1009 3033 1096 3103 adeo
1117 3034 1241 3101 distin-

177 3157 347 3245 guendum
379 3174 456 3221 esse
478 3157 682 3239 existimaui,
710 3159 748 3222 ut
769 3158 825 3223 uel
846 3157 1012 3246 integram
1034 3156 1107 3223 eius
1126 3158 1242 3225 aad&

178 3280 281 3342 tatem
302 3278 503 3344 exhiberem.
543 3276 621 3344 Non
643 3296 683 3343 eo
707 3278 798 3363 dico,
832 3298 897 3364 quo
920 3280 1065 3346 ueritate
1084 3278 1241 3346 iectionis

178 3400 346 3488 exceliat,
384 3402 443 3465 aut
472 3419 514 3467 ex
550 3401 727 3465 uetustiori
764 3374 860 3486 uuam
896 3401 1022 3468 caeteri
1057 3400 1240 3486 exemplari

177 3504 369 3607 descriptus
389 3523 452 3587 sit:
478 3520 539 3588 sed
560 3541 667 3589 nouos
688 3523 870 3609 lectiones,
891 3523 1038 3590 cuiusuis
1059 3523 1176 3609 pretii,
1197 3539 1239 3592 ao

177 3645 281 3735 tales,
314 3662 402 3729 quae⁴
432 3645 635 3712 coniecturis
664 3644 774 3734 magis
811 3662 908 3730 quam
940 3640 1121 3712 codicibus
1150 3643 1238 3713 iuss

177 3764 287 3833 adhuc
307 3758 638 3851 attribuebantur¹⁴)‚
660 3766 809 3833 continet
831 3770 899 3832 tam
911 3766 1048 3854 multas,
1070 3766 1237 3852 quintam

213 4113 366 4183 itionum
390 4130 452 4173 eam
479 4119 607 4171 iectionis
632 4132 679 4169 ua·
734 4115 799 4168 toris
816 4115 939 4167 coicudis
956 4115 1101 4168 honestum
1117 4118 1234 4179 putatur,

177 4205 302 4257 rietatem
319 4207 471 4269 enarrabo,
490 4209 599 4273 saepius
610 4207 678 4258 mihi
734 4205 863 4257 uidelicet
889 4211 918 4257 ui
947 4205 1117 4257 aduersariis
1146 4209 1236 4254 tectam

178 4295 245 4344 iilud
272 4293 427 4345 iaciendum
457 4296 509 4346 erit
540 4298 612 4360 qnod
648 4297 677 4346 in
734 4296 877 4347 adducam.

178 4385 281 4434 caussis
302 4384 413 4446 agendis
431 4382 557 4446 simitum,
586 4386 616 4434 in
635 4385 678 4435 iii·
