3352 5276
398 498 440 562 8⁰
503 493 597 597 Gap.
616 497 651 571 Ι.
702 494 763 571 De
786 500 872 573 iura
897 519 1056 574 caucana
1084 495 1345 585 Quinctianae.

204 689 380 795 =3222ff⁶⁸
398 686 525 770 petitur
546 684 715 752 decretum
746 692 804 752 aut
835 691 1050 754 recusaturus
1082 689 1154 753 erit.
1212 683 1300 768 Quid
1322 680 1454 772 igitur?

399 803 544 892 Operam
577 806 668 874 dabit
697 806 857 886 Praetor,
889 812 925 872 ut
959 807 1090 875 debitor
1124 809 1197 892 ille,
1231 811 1286 895 qui
1316 808 1454 896 dieitur,
1496 837 1499 843 ·

399 946 604 1014 quocumque
625 928 722 995 modo
744 927 865 996 adesse
887 931 1057 1016 iubeatur,
1079 928 1206 994 domum
1227 932 1256 996 el
1271 930 1454 998 denuncie-

398 1055 471 1130 tur,
492 1052 587 1116 amiel
610 1054 808 1137 euocentur3
841 1051 1018 1136 quinetiam
1039 1054 1170 1135 tempus
1191 1053 1390 1139 constituet,
1425 1055 1454 1116 si

399 1171 473 1256 quis
494 1169 675 1237 defendere
698 1173 851 1238 uoluerit·
891 1171 963 1247 Nec
987 1172 1079 1256 prius
1101 1190 1195 1256 quam
1218 1175 1265 1238 lta
1285 1192 1454 1257 apparue-

399 1293 461 1370 rit,
482 1310 589 1377 neque
602 1291 723 1358 adesse
738 1293 844 1376 illum,
866 1310 973 1379 neque
989 1290 1141 1383 delendi,
1162 1291 1320 1359 iudicabit
1333 1293 1454 1360 Edicto

398 1413 506 1480 locum
528 1431 622 1500 esse,
643 1415 796 1500 bonaque
815 1415 1038 1498 postulantem
1059 1418 1154 1481 recte
1176 1432 1406 1500 possessurum
1422 1414 1456 1492 ¹).

459 1608 510 1674 At
530 1624 612 1674 uero
633 1623 744 1674 earum
766 1624 874 1676 rerum
902 1609 1060 1692 omnium,
1089 1608 1231 1695 dentque
1253 1611 1357 1677 omnis
1385 1613 1456 1675 eius

398 1733 599 1818 cognitionis
620 1746 682 1797 nee
702 1730 782 1795 uola
801 1746 865 1797 nec
885 1732 1063 1820 uestigium
1084 1737 1237 1816 apparet.
1277 1733 1397 1811 Immo,
1419 1738 1455 1796 ut

397 1855 431 1918 in
454 1870 595 1937 caussae
617 1855 809 1938 propositae
824 1852 976 1937 exemplo
990 1850 1219 1932 subsistamus,
1241 1852 1455 1919 euidentissi-

397 1992 482 2039 mum
504 1979 572 2058 est,
594 1970 791 2039 Burrienum
805 1970 1015 2059 Praetorem,
1037 1992 1134 2059 quum
1157 1976 1292 2059 primum
1307 1974 1454 2040 Naeuius

398 2094 440 2161 de
462 2094 649 2160 uadimonia
671 2094 805 2161 deserto
828 2096 1015 2176 docuisset,
1045 2096 1134 2161 illico
1161 2094 1341 2179 eodemque
1362 2094 1455 2160 adita

398 2217 487 2282 bona
519 2213 664 2297 Quinctii
698 2214 861 2302 possideri
893 2217 1047 2301 iussisse,
1082 2233 1190 2301 neque
1217 2215 1331 2282 horam
1358 2236 1455 2282 unam

327 2312 330 2317 ’
398 2342 636 2423 exspectasse,
658 2357 734 2403 num
749 2335 907 2403 defensor
922 2338 1093 2402 existeret.
1114 2336 1186 2404 Nee
1201 2337 1328 2402 'Pullius
1342 2329 1454 2423 (quod

397 2460 628 2547 grauissimum
650 2449 726 2539 est)
747 2461 908 2524 interiet
930 2459 1083 2545 querelas
1104 2476 1219 2533 uocem
1241 2461 1363 2539 emisit,
1392 2478 1456 2545 qua

383 2582 520 2668 ‚iniuste
551 2582 599 2645 ita
626 2582 765 2646 iussisse
797 2580 940 2646 Praetor
971 2581 1235 2667 insimularetur3
1279 2583 1456 2667 quinetiam

399 2720 495 2788 quum
527 2704 687 2768 acerrime
719 2705 753 2765 ln
782 2703 1024 2768 aduersariam
1053 2701 1287 2787 inueheretur,
1322 2703 1377 2787 qui
1409 2704 1456 2768 lta

397 2824 605 2908 postulasset
624 2819 670 2909 ²),
702 2821 826 2888 diserte
855 2823 992 2912 negauit
1014 2823 1114 2888 ullum
1136 2820 1282 2904 Quinctii
1304 2842 1455 2891 caussam

351 2971 353 2974 ⁴
398 2943 629 3010 detrimentum
661 2942 740 3009 inde
770 2944 922 3030 cepisse,
957 2943 1045 3031 quod
1077 2926 1221 3011 Praetor
1251 2963 1297 3010 ee
1326 2940 1455 3011 Edicto

399 3065 488 3133 tmen
509 3067 681 3152 possideri
701 3065 854 3131 iussisset
869 3059 903 3145 3).

462 3232 576 3327 'l'ertio
590 3260 681 3345 ioco,
702 3278 799 3346 quum
814 3280 876 3345 pro
889 3260 1045 3327 tribunali
1060 3278 1180 3328 caussa
1197 3264 1334 3351 cognita
1353 3261 1457 3328 Prae·

400 3385 454 3447 tor
473 3381 597 3468 ailquid
616 3381 821 3462 decreuerit,
840 3382 999 3469 elicitur,
1021 3387 1057 3447 ut
1073 3382 1162 3469 quod
1180 3385 1342 3449 incertum
1355 3387 1457 3450 antea

398 3522 438 3571 ac
452 3507 703 3571 controuersum
714 3506 802 3569 inter
815 3504 1004 3592 litigatores
1015 3507 1175 3594 agitatum
1187 3508 1247 3589 sit,
1270 3506 1303 3569 id
1314 3509 1378 3571 iam
1394 3525 1455 3590 pro

399 3626 575 3711 explorato
590 3643 630 3692 ac
645 3627 830 3710 composito
846 3624 1023 3706 habeatur,
1046 3645 1108 3692 nec
1123 3628 1228 3711 magis
1243 3626 1345 3692 ferme
1361 3647 1455 3712 quam

399 3764 485 3832 quae
507 3748 578 3812 lure
599 3746 786 3833 iudlcioque
807 3746 953 3813 ludicata
980 3748 1062 3831 sint,
1094 3749 1128 3812 in
1150 3742 1324 3814 discrimen
1346 3750 1455 3814 denuo

400 3869 506 3952 possit
528 3870 652 3934 uocari.

435 4173 462 4232 1)
481 4171 557 4224 Conl.
576 4173 607 4223 i..
627 4174 654 4225 5.
673 4172 701 4239 ὃ.
721 4177 746 4226 1.
766 4175 847 4240 Quib.
867 4190 898 4227 ar
988 4171 1020 4239 Ξ)
1050 4174 1154 4225 videsis
1179 4189 1204 4224 c.
1232 4175 1258 4227 c.
1277 4174 1305 4226 8.
1329 4174 1453 4226 15-17.

400 4272 460 4311 cau.
490 4262 518 4315 iu
537 4278 582 4326 po.
606 4277 630 4313 e.
657 4264 686 4316 l..
711 4265 755 4316 22.
784 4280 824 4328 pr.
862 4265 899 4315 llr
954 4262 997 4313 23.
1017 4263 1061 4314 28.

400 4351 474 4415 quib.
494 4364 554 4402 cau.
575 4350 638 4402 mai.
989 4349 1017 4415 a)
1037 4362 1061 4400 e.
1082 4350 1124 4401 ia.
