3352 5276
260 724 299 764 nii
297 737 392 765 uuuuuu

245 782 321 821 lisiaro
353 783 392 821 ‹lc-

245 839 313 879 iaerii
320 851 390 879 necne.

413 529 474 590 iiii
532 524 627 627 Gap.
651 527 685 602 1.
736 524 799 601 De
824 529 910 602 iure
931 549 1091 602 caussae
1117 524 1380 615 Quinctianae.

477 722 633 807 «ipsum,
654 723 686 784 ri
707 716 865 806 adesset,
888 716 1075 783 dominum.
1120 712 1262 798 Quodsi,
1289 717 1421 783 domino
1443 718 1477 783 ln

476 837 622 905 «iudicio
643 841 677 903 ln
699 855 876 923 personam
896 856 956 903 reo
977 837 1087 924 iacto,
1110 842 1309 924 procurator
1336 840 1478 905 omnium

477 978 611 1026 «rerum
633 961 740 1026 actori
763 954 948 1044 postulanti
969 957 1149 1025 iudicatum
1171 960 1259 1025 solui
1273 959 1477 1026 satisdedis-

477 1084 572 1166 «set,
602 1079 690 1167 quod
719 1080 762 1146 ab
784 1081 868 1166 ipsis
888 1082 956 1145 reis
977 1079 1092 1166 lieret,
1122 1098 1196 1148 cum
1223 1099 1284 1165 pro
1306 1083 1478 1167 suspectis

478 1202 722 1289 «haberentur,
756 1202 862 1287 ipsum
889 1200 1056 1267 dominum
1085 1201 1320 1291 satisdedisse,
1355 1203 1478 1289 ipsum,

480 1344 595 1390 «suam
618 1342 796 1410 personam
816 1325 852 1388 ln
873 1321 996 1390 iudicio
1011 1327 1204 1408 suspectam
1224 1342 1316 1409 esse,
1337 1324 1479 1391 contes-

480 1466 576 1513 «sum
601 1465 677 1512 esse
703 1444 822 1511 uideri.
875 1444 953 1511 Non
982 1446 1067 1510 enim
1096 1445 1196 1511 talem
1225 1453 1478 1531 procuratorem

480 1565 690 1653 «defendere
718 1566 884 1633 dominum
911 1564 972 1633 sed
1001 1569 1113 1653 ipatus
1141 1568 1274 1633 deminui
1291 1586 1479 1655 personum

479 1694 542 1757 «tn
564 1694 640 1756 iure
662 1693 864 1759 unitatem·
1304 1694 1308 1699 '

476 1867 655 1934 Enimuero
685 1886 783 1953 quum
811 1868 912 1933 talem
939 1862 1064 1951 Alfeni
1089 1865 1196 1931 inisse
1217 1869 1413 1933 orationem
1434 1886 1479 1933 ac

413 1987 650 2075 descensionem
692 1989 754 2054 Vir
790 1987 912 2056 doctus
947 1989 1154 2075 potissimum
1190 1987 1480 2077 demonstrasset,

412 2114 549 2178 caetera
569 2112 605 2175 ln
624 2113 755 2177 incerto
776 2111 986 2196 reliquisset,
1008 2130 1086 2177 mox
1106 2110 1253 2178 accessit
1272 2108 1421 2178 motin
1430 2103 1480 2194 ¹⁰),

413 2234 468 2301 cul
489 2235 589 2299 etlam
608 2252 672 2320 pro
692 2236 782 2300 iuria
802 2237 961 2321 rationee,
984 2251 1070 2319 quae
1084 2233 1142 2299 ilia
1156 2235 1271 2299 aetate
1286 2232 1480 2316 obtinuerit,

414 2353 531 2421 eadem
551 2355 746 2422 coniectura
766 2353 902 2438 placuit.

391 2514 394 2520 ’
427 2490 436 2497 -
476 2531 564 2598 Mihi
584 2549 665 2597 uero
687 2547 889 2597 communem
911 2548 1023 2596 earum
1046 2530 1236 2616 opinionum
1255 2530 1399 2614 iontem,
1421 2531 1480 2616 qui

414 2655 523 2722 estin
547 2645 830 2736 (iuecinianufl),
858 2650 1106 2739 consideranti,
1138 2651 1258 2719 deinde
1279 2651 1323 2718 ed
1345 2654 1479 2738 pretio-

414 2796 486 2842 sum
506 2776 597 2840 illum
618 2772 841 2869 Eecureum,
877 2793 974 2859 quem
1003 2772 1045 2840 de
1072 2778 1326 2858 procuratorum
1348 2775 1481 2864 origine

416 2894 618 2964 Huschktus
646 2896 832 2980 composuit
845 2886 899 2980 ¹²),
927 2896 1127 2977 reuertenti,
1159 2897 1244 2961 satls
1269 2897 1394 2985 arguta
1421 2898 1481 2962 at-

417 3037 481 3105 que
504 3019 645 3108 elegans
666 3017 772 3082 omnis
793 3016 850 3081 illa
871 3017 958 3082 ratio
980 2990 1232 3103 uiderl'coepit.

453 3319 502 3388 10)
519 3323 539 3373 i.
559 3337 584 3374 c.
603 3336 631 3387 p.
647 3320 711 3373 iar.
730 3334 788 3385 seq.
977 3324 1090 3388 «pitines
1104 3329 1268 3386 procurator
1284 3324 1397 3386 dictim,
1427 3337 1480 3374 om-

453 3409 503 3476 11)
519 3426 544 3462 c.
564 3413 608 3462 ic.
630 3411 687 3462 «uo
709 3410 802 3460 liberis
828 3414 919 3460 autem
977 3414 1072 3463 «nium
1089 3424 1177 3462 ceram
1194 3413 1267 3466 eiua,
1288 3413 1334 3476 qui
1351 3414 1381 3463 in
1398 3412 1481 3463 linito

419 3501 562 3566 «quisquis
575 3497 625 3563 esi,
639 3499 821 3565 procuratoris
834 3499 921 3549 nomi·
977 3514 1053 3552 onon
1061 3501 1113 3558 cii,
1127 3501 1393 3564 ointoerapoiiteoe
1406 3515 1481 3552 caua

418 3589 682 3655 «neappoiiaiurnn
693 3588 836 3641 interdicto
848 3587 920 3638 scili·
978 3603 1045 3644 «aa,
1071 3590 1149 3652 quoa
1167 3589 1278 3651 quidm
1291 3603 1377 3653 paene
1398 3590 1481 3640 domi-

417 3677 481 3745 cei):
496 3693 574 3731 onon
585 3691 744 3744 quoomnes
755 3678 920 3740 sintaoiep-
977 3691 1065 3731 unm,
1084 3678 1133 3728 ioc
1150 3682 1205 3739 eat,
1225 3678 1388 3728 attentioris
1407 3679 1481 3728 uico·

417 3768 577 3833 «pellentur
592 3773 794 3831 procuratores,
814 3766 861 3830 qui
873 3778 921 3816 ne·
977 3766 1069 3819 «ciue,
1100 3779 1136 3816 aa
1159 3771 1221 3816 tuus
1243 3766 1357 3817 colonus
1375 3772 1422 3816 aui
1440 3767 1482 3816 ui·

418 3857 505 3920 «getii
522 3857 607 3906 nostri
619 3856 723 3920 aliquid
738 3859 852 3918 gereon
871 3854 919 3904 sed
977 3855 1097 3904 «cinus.
1113 3890 1120 3905 .
1139 3859 1207 3904 .aui
1221 3854 1324 3918 quiuis,
1344 3855 1391 3920 qui
1404 3854 1480 3904 illam

418 3945 468 3994 uin
502 3945 553 3996 irae
588 3957 618 3996 re
648 3945 755 4008 cognita
785 3943 918 3994 sententia
976 3944 1056 3993 «uim
1070 3976 1078 3992 .
1093 3971 1102 3988 ·
1116 3975 1123 3990 .
1138 3948 1184 3993 tuo
1202 3949 1299 4006 rogatu
1314 3948 1481 3995 auttuono-

418 4033 529 4084 «Elicii
551 4034 635 4084 uerba
656 4033 790 4084 subtiliter
815 4031 921 4095 exquiri
977 4029 1076 4081 omine
1093 4029 1216 4082 iecerit.»

417 4122 532 4172 comnia
549 4121 697 4172 noluerunt
711 4157 718 4171 .
734 4153 740 4167 .
757 4118 918 4170 .nonenim
1009 4115 1055 4181 12)
1075 4118 1113 4168 oli
1138 4121 1287 4169 orationem
1313 4133 1366 4183 pro
1397 4119 1481 4169 intuo

417 4196 748 4271 intrimentorum
768 4209 796 4258 in
808 4207 860 4257 ooo
874 4219 918 4269 go·
976 4218 999 4255 c.
1021 4205 1063 4256 1r.
1085 4208 1113 4257 in
1132 4207 1155 4255 r.
1177 4205 1209 4258 c.
1229 4206 1358 4260 neieina
1381 4209 1482 4259 anais·

418 4313 507 4352 unere
524 4301 667 4360 dunmxei,
688 4304 779 4349 uirum
797 4308 841 4346 me
855 4301 918 4346 tuus
975 4294 1024 4346 ciis
1044 4309 1071 4360 p.
1091 4295 1153 4347 283.
1173 4309 1249 4360 seqq.

418 4395 597 4452 «procurator
616 4387 762 4448 deiecerit,
782 4386 805 4436 is
822 4385 867 4449 qui
885 4384 918 4434 ie·
