3352 5276
200 537 237 609 5.
255 531 294 602 8.
322 525 381 598 A'.
401 524 468 613 θ’.
487 526 675 599 absentem
693 532 795 598 recte
811 523 1023 621 defenderit
1039 546 1164 598 necue.
1205 523 1265 585 169

200 721 244 781 rit
272 717 452 783 secundum
475 734 571 801 quem
593 713 815 794 iudicaretur,
856 712 985 779 docebo
1009 734 1105 799 quum
1128 715 1265 797 primum
1284 735 1433 833 augium.

201 840 243 904 de
266 857 387 906 caussa
409 838 518 902 omniu
539 855 754 921 comperero,
777 853 862 921 quse
883 835 1054 920 Aquillius
1074 837 1185 921 nouit,
1208 837 1266 898 ul-

176 1103 284 1153 ·utulll
314 1099 401 1151 Cicero
440 1099 605 1162 eloquentiae
640 1110 705 1148 suas

202 1191 348 1253 «fructum,
368 1196 399 1240 ut
416 1189 508 1238 scribit
526 1185 653 1236 Gellius.»
672 1212 702 1222 -

190 1280 233 1328 ¹N.
248 1279 281 1327 E.
300 1278 421 1329 Lemaire
440 1278 501 1336 (Ed.
518 1276 603 1325 Puris.
624 1274 703 1324 1827.

201 1367 240 1433 8.)
263 1369 359 1418 iisdem
387 1367 479 1416 uerbis
507 1366 705 1427 Argumentum

201 1458 355 1516 concludit,
387 1461 467 1518 alque
488 1454 576 1501 locum
598 1465 706 1516 quoque

202 1546 279 1596 Gellii
297 1547 390 1596 definit
410 1544 473 1603 XV,
503 1541 547 1591 28.
569 1564 601 1577 -·
631 1541 705 1603 Quos

201 1626 703 1691 elismBaellriussecutusesl(Gesch.

201 1726 228 1774 d.
254 1725 332 1772 lilim.
359 1722 420 1771 Lilt.
451 1718 597 1769 Csrlsruho
625 1717 704 1766 1832.

201 1809 260 1873 8.)‚
295 1813 323 1859 in
354 1790 529 1858 recensendis
550 1806 588 1858 M.
622 1805 705 1854 Tullii

201 1900 370 1949 orationibus
385 1900 424 1947 sic
442 1910 457 1946 a
476 1896 641 1958 Quinctiana
661 1906 706 1942 er·

201 2001 294 2038 orsus:
331 1988 379 2036 «1.
402 1986 454 2035 Pro
482 1984 626 2046 Quinum,
659 1982 705 2032 eiu

202 2076 399 2125 «liechtsslreit
437 2075 507 2123 iiber
539 2070 704 2134 ergriiieneu

202 2166 311 2214 «Besiiz
324 2161 378 2227 (i),
396 2161 512 2213 Cicero's
525 2167 597 2212 ersle
609 2158 704 2209 iilieul·

202 2253 294 2302 oliohe
313 2253 386 2302 liede
403 2251 457 2314 (i),
483 2252 512 2301 iu
530 2253 577 2301 cler
594 2263 623 2301 er
640 2249 705 2299 siber

202 2344 309 2392 «soloen
337 2339 442 2403 Gequer
470 2337 630 2389 Hortensius
656 2339 705 2388 deu

204 2431 288 2492 «Sieq
318 2442 417 2492 errauq
446 2425 493 2493 (i)
513 2428 576 2478 613.
601 2441 629 2476 ιι.
659 2440 703 2485 c.;

202 2533 215 2564 «
227 2519 348 2568 obsohon
367 2518 426 2567 sein
440 2516 529 2565 Client
543 2515 641 2564 borello
660 2516 705 2563 oin

203 2621 217 2651 u
225 2606 328 2656 Urlheil
342 2619 429 2667 gegeu
439 2605 498 2653 sich
510 2604 583 2653 halle
595 2600 660 2665 (1).»
674 2629 702 2639 -

203 2693 274 2743 Olim
301 2693 424 2755 Freiqius
453 2692 494 2751 (iu
522 2692 549 2741 d.
582 2691 707 2740 Editione

202 2782 381 2841 orationum,
400 2778 528 2829 Francos·
548 2778 645 2837 mnu,
672 2777 704 2827 Τ.

203 2872 225 2920 l.
252 2885 279 2932 p.
304 2868 366 2930 3.);
403 2868 539 2918 «Videtur
569 2867 706 2931 Aquillius

204 2958 376 3008 «secundum
395 2957 553 3019 Quinotium
572 2957 648 3006 litem
661 2957 707 3006 ‹ie-

204 3048 309 3096 «disse.
355 3047 423 3098 Num
442 3044 534 3095 ieudsl
552 3046 623 3094 hanc
647 3058 707 3094 orn-

204 3137 328 3185 «tionem
347 3133 470 3194 Gellius,
501 3134 573 3197 quod
592 3133 707 3184 liberato

204 3224 354 3286 «Quinctio
397 3222 514 3272 iruolum
550 3234 615 3271 suae
652 3222 707 3272 elo·

204 3313 355 3376 «quentiae
372 3311 464 3361 tulerit
481 3310 606 3361 Cicero.»

238 3401 338 3452 Contra
353 3400 523 3463 ignorantiae
535 3411 613 3448 meae
625 3403 707 3461 alque

203 3491 313 3553 inopiae
331 3489 459 3539 solatium
478 3486 556 3537 offert
571 3486 708 3535 Facoiola·

203 3584 264 3640 tur,
302 3579 384 3641 ouius,
409 3578 438 3626 iu
464 3574 709 3626 Exercitatiouibus

204 3664 298 3731 (supra
320 3680 347 3730 p·
372 3666 416 3716 38.
436 3679 452 3714 a
476 3677 520 3714 me
547 3661 645 3725 citetis)
664 3663 709 3712 in-

203 3756 285 3805 uenio
314 3756 383 3805 haee
409 3750 451 3816 (p.
483 3748 557 3815 (illle
588 3751 710 3801 «Scribit

204 3842 328 3893 oGeilius
364 3838 464 3907 (inquil
494 3837 708 3903 Merouuiilius),

205 3947 219 3978 u
227 3931 341 3980 liberato
348 3930 490 3992 Quinctio,
505 3930 709 3992 suaeeioquen·

205 4032 220 4063 u
230 4020 282 4068 tiae
295 4017 412 4067 iruolum
428 4020 523 4069 tulisse
536 4019 707 4070 Ciceronem.

206 4106 278 4155 «Sed
298 4117 381 4158 eane,
401 4106 501 4157 homiui
519 4109 628 4158 eredas:
660 4119 708 4170 eqo

205 4195 296 4243 «euim
324 4193 392 4242 nihil
414 4195 467 4244 tals
493 4208 608 4260 usquam
634 4196 708 4258 apud

206 4280 345 4332 «Gellium
364 4281 487 4330 inuenire
500 4286 608 4344 potui.»
652 4282 709 4333 liii-

205 4370 320 4420 fluenter
349 4369 431 4419 elium
454 4368 585 4432 Buruouf
599 4368 638 4435 (iu
658 4372 707 4422 lid.

760 1096 796 1148 Le
817 1095 888 1146 clere
906 1096 938 1146 Τ.
958 1095 1004 1145 vl.
1026 1094 1112 1159 uli.)
1130 1097 1185 1145 nil:
1206 1093 1265 1145 «On

761 1185 871 1236 concini
893 1186 941 1236 des
966 1189 1088 1242 tennes,
1123 1185 1191 1234 dous
1214 1184 1266 1235 iss·

761 1275 839 1339 queis
864 1288 899 1324 on
926 1273 1002 1336 perio
1032 1273 1105 1334 (soii.
1135 1272 1169 1323 do
1196 1278 1267 1323 cello

761 1358 854 1426 cause)
884 1361 1082 1423 «Aulo-‚Gella
1113 1374 1166 1425 que
1192 1359 1267 1411 Cici-

762 1465 835 1501 «ron
854 1450 881 1499 la
900 1463 1018 1513 gregna.»
1037 1449 1194 1514 Eodemque
1206 1463 1268 1500 ner·

762 1541 796 1589 ba
814 1543 1013 1588 conseruaulur
1031 1538 1059 1588 iu
1079 1538 1128 1590 Ed.
1146 1539 1265 1592 Nisum,

761 1627 874 1677 Parisiis
893 1624 972 1676 1810.
996 1649 1023 1659 -

797 1714 942 1767 Caeterum
959 1716 983 1765 si
1001 1715 1062 1778 quis
1074 1715 1174 1765 uicisse
1184 1715 1269 1778 Quiu-

761 1805 845 1855 otium
865 1805 902 1853 itn
921 1803 1130 1865 erislimaueril,
1161 1810 1191 1853 ul
1212 1788 1268 1853 non

762 1882 933 1955 compertum
954 1893 1119 1953 rehabere,
1140 1894 1187 1942 sed
1204 1906 1269 1942 cou-

761 1983 866 2032 ieoluru
878 1982 941 2031 duci
953 1983 987 2031 sd
1001 1981 1195 2046 suspicandum
1208 1995 1269 2045 pro·

761 2070 889 2132 filealur,
927 2072 1001 2122 haud
1033 2072 1150 2121 nimium
1189 2084 1269 2133 repu-

761 2160 869 2224 gnahot
889 2174 1055 2224 quemquam
1073 2166 1184 2223 praeter
1202 2159 1267 2219 ilis,

761 2261 832 2313 quae
861 2250 942 2300 modo
968 2251 996 2299 iu
1021 2262 1118 2299 caussa
1136 2261 1269 2312 apparue-

762 2344 847 2399 runt,
881 2340 945 2388 salis
982 2338 1076 2388 hercle
1119 2338 1267 2400 ambigua,

761 2427 839 2476 nullo
856 2432 919 2476 utor
937 2439 1026 2489 neque
1045 2426 1162 2487 uesligio
1178 2439 1268 2489 neque

762 2514 863 2563 indicio
875 2515 928 2563 nisi
942 2513 1056 2564 sortasse
1072 2500 1148 2575 uno,
1168 2515 1196 2563 iu
1208 2526 1268 2563 orn·

762 2607 852 2651 lorum
865 2616 941 2652 more
954 2606 981 2651 el
993 2602 1191 2652 cousuetudine
1204 2614 1268 2651 cou-

763 2690 838 2749 dito,
859 2703 893 2739 ne
907 2691 966 2752 ipso
980 2690 1108 2753 quidem,
1129 2695 1158 2739 ul
1171 2702 1268 2739 uerum

762 2776 863 2838 faleor,
873 2779 1035 2828 certissimo.
1050 2778 1185 2833 Nimirum
1194 2778 1269 2827 haud

763 2867 880 2916 absurde
892 2867 1011 2927 dicetur,
1026 2868 1054 2916 in
1065 2866 1172 2916 iudiciis
1182 2867 1269 2929 priva·

763 2956 796 3006 lis
804 2961 942 3019 patronos,
951 2969 1005 3019 quo
1017 2955 1270 3017 magissmbiguam

763 3044 929 3107 dubiamque
945 3057 1069 3093 caussam
1086 3041 1269 3103 defenderint,

763 3146 796 3183 eo
814 3131 873 3183 iere
889 3133 1022 3182 tardiores
1045 3146 1105 3182 esse
1129 3133 1163 3181 uri
1183 3132 1271 3195 publi·

763 3222 879 3270 condam
889 3221 1098 3281 defensionem,
1118 3222 1171 3270 nisi
1185 3221 1271 3271 niolo·

763 3322 807 3359 res
827 3310 1012 3360 discesserint.
1044 3310 1102 3361 Nec
1122 3310 1270 3359 immerito.

763 3397 809 3446 Est
836 3399 910 3448 euim
934 3398 1023 3447 laudis
1047 3397 1167 3448 studium
1192 3400 1271 3448 eriis-

764 3499 817 3549 que
835 3487 1005 3536 exhibendae
1023 3487 1147 3550 cupidos
1171 3486 1270 3550 quibus

764 3575 881 3625 marimo
900 3575 1093 3638 impelluntur,
1126 3579 1156 3624 ul
1174 3575 1202 3624 iu
1223 3587 1271 3637 pu·

764 3663 867 3712 blicum
880 3663 962 3712 edent
975 3663 1046 3726 quod
1060 3663 1185 3712 dixerint.
1218 3661 1271 3715 illa

765 3762 846 3806 uero,
873 3755 903 3800 ul
927 3755 967 3801 esl
985 3751 1085 3812 uulgus
1106 3751 1269 3812 homiuum,

765 3852 796 3889 er
816 3844 916 3889 euentu
944 3839 1032 3901 magis
1057 3852 1139 3902 quum
1166 3852 1197 3890 ex
1215 3839 1271 3890 siis

765 3941 795 3976 re
820 3926 877 3977 ulia
896 3928 1031 3990 ¹dignosci
1062 3941 1094 3977 uo
1125 3927 1271 3979 diiudicari

765 4015 863 4065 solent.
907 4016 959 4078 Qui
989 4017 1012 4066 si
1039 4015 1090 4066 iuit
1118 4017 1269 4078 aduersus,

765 4105 862 4166 exigua
881 4118 942 4168 spes
961 4111 1018 4167 est,
1042 4104 1189 4156 lectoribus
1210 4118 1272 4168 pro·

766 4192 893 4243 balurum
912 4194 959 4257 qui
978 4193 1061 4244 iudici
1080 4194 1195 4257 probaro
1215 4205 1271 4243 non

765 4283 871 4343 potuil;
890 4283 944 4332 nisi
963 4282 1032 4332 adeo
1045 4280 1202 4332 firmissimo
1214 4281 1271 4330 eni·

765 4368 980 4434 deotissimoquo
1003 4370 1061 4420 iure
1086 4382 1181 4419 caussa
1207 4382 1271 4418 eou-
