3420 5280
299 485 337 563 s.
356 472 399 550 2.
455 470 538 559 Quo
563 473 650 548 iare
673 467 737 545 N⁸.
761 471 859 546 tom
887 469 948 558 0⁵⁶.
973 469 1193 571 possederit.
1246 473 1287 537 5⁹

226 665 287 731 bus
319 662 463 749 undique
494 663 618 729 llcebat
646 679 842 748 accurrere,
872 663 989 748 atque,
1023 665 1063 727 ut
1095 664 1183 729 bona
1215 665 1288 729 elus
1306 663 1386 757 „gf”
1405 664 1456 702 ...a

225 785 453 870 possiderent,
475 776 673 869 postulare?

167 977 171 984 ,
229 916 230 927 ’
285 909 388 974 Immo
410 909 498 972 iusta
519 925 642 973 caussa
664 907 910 993 postulantibus
932 925 1017 991 opus
1039 911 1122 972 erat.

286 1026 383 1110 Quae
403 1029 507 1117 igitur
528 1046 650 1094 caussa
670 1033 767 1095 tusto
789 1046 863 1095 esse
884 1019 1090 1094 uidebatur?

201 1194 204 1202 ·
287 1150 466 1216 Enimuero
489 1149 729 1233 creditoribus,
750 1153 803 1215 ret
823 1150 1021 1217 seruartduc
1040 1171 1184 1233 caussa,
1205 1169 1289 1235 pos·

86 1356 90 1361 ⁴
224 1270 353 1349 uidendi
389 1271 471 1336 illud
503 1270 737 1356 uendendique
757 1272 852 1347 insa
881 1270 1046 1337 Pruetore
1073 1273 1289 1339 constltutum

133 1410 136 1417 ·
224 1397 306 1465 erat.
347 1393 467 1478 ltaque
489 1393 697 1459 creditorem
718 1411 795 1459 esse
817 1394 1013 1479 oportebat,
1035 1396 1090 1480 qui
1109 1414 1153 1460 ex
1166 1392 1289 1462 uncto

138 1518 140 1522 ’
225 1516 311 1582 bona
333 1513 507 1600 possidere
528 1515 729 1601 postularet.

287 1633 362 1717 Qua
389 1639 424 1701 in
451 1654 489 1701 rc
522 1640 633 1701 tamen
660 1634 838 1702 creditoris
865 1654 985 1702 nomen
1015 1637 1118 1701 latius
1149 1638 1184 1702 et
1215 1654 1289 1703 cum
1395 1640 1399 1645 “

224 1756 364 1843 quadam
396 1760 593 1824 extensione
626 1759 870 1842 accipiebatur:
901 1776 1040 1844 aequum
1073 1759 1159 1824 enim
1191 1757 1291 1825 uide-

224 1881 337 1962 batur,
358 1882 396 1945 ut
418 1881 449 1946 ei
472 1899 603 1966 quoquc
624 1896 681 1945 res
699 1882 893 1946 seruaretur
907 1880 1155 1966 periculumque
1168 1879 1290 1966 depel-

224 2002 365 2087 leretur,
387 2004 442 2086 qul
463 2003 583 2067 iustam
605 2019 697 2086 spem
725 2004 834 2091 magis
857 2020 953 2088 quam
977 2004 1104 2068 certum
1132 2004 1185 2068 ius
1210 2019 1291 2069 cre-

225 2121 284 2188 diti
316 2127 438 2189 nactus
469 2124 543 2209 pari
575 2122 672 2189 modo
702 2124 823 2189 iniuria
851 2122 929 2189 inde
960 2124 1169 2211 alliceretur,
1200 2122 1290 2210 quod

224 2244 409 2310 aduersarii
430 2245 493 2311 sibi
515 2247 670 2331 potestas
688 2264 756 2310 non
770 2245 875 2313 lieret.
888 2280 931 2293 —
951 2247 1072 2332 Itaque
1087 2244 1289 2312 creditorum
1603 2322 1622 2353 c.

209 2366 299 2445 ‚loco
314 2365 465 2432 uidemus
478 2367 513 2432 in
527 2365 592 2432 hoc
606 2368 678 2432 iure
693 2365 810 2433 haberi
825 2386 894 2450 eos,
915 2367 1036 2457 mattos
1050 2368 1290 2433 uadimonium
1310 2356 1374 2411 Μ
1384 2355 1433 2401 ²*
1448 2336 1549 2399 m*
1558 2334 1657 2447 {inviis

225 2488 400 2555 desertum
420 2491 484 2579 stt,
508 2489 685 2573 quinetiam
708 2490 793 2553 allos
809 2490 940 2555 incerto
960 2487 1080 2554 crediti
1095 2488 1168 2554 iure
1184 2506 1289 2577 prae-

225 2607 331 2695 ditos,
356 2610 460 2676 uoluti
488 2610 607 2695 quibus
634 2609 699 2676 sub
727 2608 925 2675 condicione
954 2608 1096 2692 pecunia
1124 2609 1290 2701 promissa

227 2732 288 2814 eit,
310 2734 346 2797 et
368 2750 399 2818 q.
418 2752 454 2822 g.
474 2744 505 2797 a.
518 2727 558 2806 ³²)

288 2888 444 2975 Apparet
464 2890 583 2978 lgltur,
605 2888 728 2974 duplici
747 2888 887 2976 quadam
909 2888 1108 2956 condicione
1128 2889 1289 2955 bonorum

226 3010 306 3075 illud
321 3010 598 3096 possidendorum
615 3013 668 3077 ius
682 3030 880 3097 suspensum
898 3011 1019 3099 fuisse,
1040 3013 1145 3096 prima
1160 3009 1290 3096 quidem

226 3150 268 3197 ex
290 3151 436 3218 persona
455 3133 542 3218 elus,
565 3138 663 3199 cutus
684 3134 727 3198 dc
748 3133 846 3199 boote
866 3137 1047 3220 operetur,
1075 3131 1233 3199 uidelicet
1252 3135 1291 3197 ut

225 3255 259 3317 ln
275 3256 418 3340 quatuor
434 3255 563 3319 illarum
578 3255 798 3322 clausularum
816 3255 957 3339 aliquam
972 3252 1162 3341 incidisset3
1183 3256 1292 3320 altera

225 3395 306 3442 uero
336 3394 379 3441 ex
407 3394 555 3461 persona
581 3377 673 3461 eius,
712 3381 770 3464 qot
795 3375 1009 3466 postularet,
1044 3375 1217 3463 uidellcet,
1252 3379 1289 3440 ut

226 3497 344 3563 iustam
374 3498 438 3564 sibi
463 3495 656 3582 postulandi
688 3514 839 3563 caussam
872 3515 950 3562 esse
979 3514 1023 3562 ex
1050 3515 1090 3563 eo
1113 3474 1289 3582 probaret,

227 3617 315 3704 quod
329 3622 388 3686 aut
402 3618 550 3685 creditor
565 3621 672 3698 esset,
694 3621 752 3682 aut
771 3616 948 3699 creditoris
962 3619 1073 3683 tamenn
1090 3618 1166 3683 loco
1181 3614 1290 3685 babe-

226 3743 340 3826 retur3
371 3742 547 3826 utrumque
580 3742 691 3805 autem
725 3758 836 3824 genus
867 3740 901 3804 ln
929 3740 1105 3825 proposita
1137 3742 1289 3807 oratione

222 4049 226 4053 ι
260 3981 307 4042 32)
324 3980 355 4031 L.
375 3981 403 4032 6.
422 3982 606 4046 pr.Quib.ex
623 3995 684 4032 cau.
702 3982 729 4031 iu
786 3981 926 4046 quaeritur
953 3985 1063 4045 proplcr
1088 3979 1119 4030 L.
1143 3995 1207 4044 peu.
1227 3983 1288 4035 cod.

226 4085 271 4135 po.
293 4085 319 4123 c.
337 4071 478 4128 (Paullus).
516 4073 565 4122 «Iu
584 4070 730 4136 possessio·
785 4068 865 4121 Cous.
887 4068 919 4119 L.
949 4069 976 4119 7.
1008 4065 1056 4131 ὃὸ.
1086 4068 1129 4119 lt.
1156 4070 1199 4120 15.
1227 4070 1288 4120 eod.

227 4173 307 4210 onem
327 4143 401 4209 ‚mim
424 4161 493 4211 solet
516 4161 649 4221 creditor,
680 4159 730 4210 elsi
786 4158 817 4209 L.
836 4159 881 4210 50.
908 4172 950 4221 pr.
986 4156 1026 4206 Dc
1044 4157 1163 4221 peculio.
1194 4156 1226 4208 L.
1245 4159 1288 4207 10.

227 4250 295 4299 asub
312 4248 475 4299 condicione
492 4250 518 4298 ei
537 4250 653 4312 pecunia
670 4263 731 4313 pro·
786 4247 880 4299 L.11.
903 4246 934 4297 L.
954 4245 998 4297 51.
1018 4244 1049 4296 L.
1069 4245 1113 4296 55.
1149 4245 1191 4296 Dc
1209 4245 1240 4296 V.
1260 4244 1288 4295 S.

228 4338 328 4388 «misna
352 4337 462 4387 1115)-
494 4336 554 4398 Qua
580 4337 614 4386 de
639 4337 730 4400 specie
786 4335 817 4388 L.
837 4336 881 4386 ta.
902 4349 943 4398 pr.
980 4333 1019 4383 lle
1038 4331 1070 4383 Ο.
1089 4337 1116 4382 el
1132 4332 1166 4382 A.
