3352 5276
426 519 531 607 M.
584 515 816 592 Subocciuoe
839 520 1086 618 quaestiones.
1243 518 1285 580 97

286 705 402 774 (imnis
419 707 585 779 uenditis,
610 725 696 793 quae
709 709 893 775 constituta
907 712 1064 775 auctione
1081 709 1134 794 tit,
1155 727 1284 776 arom·
1318 715 1411 758 n„
1330 721 1455 818 wig:

221 830 310 894 muni
346 828 475 895 emendi
512 828 745 914 uendendique
779 848 924 919 genere,
961 829 1049 916 quod
1077 833 1166 897 inter
1200 787 1383 899 quosdam.

221 951 375 1036 priuatim
401 952 572 1036 agitatur,
598 969 639 1016 eo
661 953 801 1017 maxime
827 950 956 1039 differt,
985 951 1109 1038 quod
1098 972 1133 1018 rn
1152 951 1216 1021 hoc
1242 956 1285 1021 ab

221 1073 316 1138 initio
343 1074 475 1158 utrique
496 1073 635 1139 liberum
661 1076 732 1155 est,
760 1077 828 1138 tam
856 1072 899 1157 de
926 1093 964 1138 re
993 1077 1027 1140 et
1054 1075 1162 1159 pretio
1189 1094 1286 1162 quam

222 1192 264 1261 de
287 1193 384 1260 modo
406 1213 446 1262 ac
466 1198 635 1282 tempore,
667 1193 810 1280 denique
832 1193 874 1260 de
896 1197 983 1259 omni
1008 1213 1047 1260 re
1073 1199 1107 1260 et
1128 1201 1287 1281 praesta-

221 1296 334 1400 tione,
363 1310 459 1402 quam
482 1319 677 1384 contractus
698 1316 834 1385 ineundi
857 1320 978 1382 natura
1001 1319 1139 1401 recipit,
1169 1336 1287 1404 quarn-

220 1439 302 1505 libet
324 1437 553 1504 condicionem
571 1439 679 1525 ferre,
699 1438 845 1524 referre,
867 1438 969 1503 latam
990 1439 1163 1522 accipere,
1183 1457 1288 1506 recu-

132 1606 135 1611 ,
221 1578 310 1645 sare,
327 1560 401 1624 eiue
417 1562 475 1623 aut
489 1558 635 1624 adiicere
650 1562 708 1623 aut
723 1557 911 1640 detrahere,
922 1562 1079 1625 uniuersa
1093 1563 1288 1627 contractus

221 1681 299 1769 iege
326 1679 472 1766 undique
500 1682 629 1746 incerta
654 1697 695 1745 ac
720 1678 920 1769 fluctuante,
950 1680 1058 1747 donec
1080 1680 1287 1747 contrahen-

221 1804 302 1867 tium
325 1802 482 1868 uoluntas
503 1804 651 1869 inunum
671 1803 743 1865 tota
762 1805 975 1867 conuenerit:
997 1804 1117 1868 contra
1137 1800 1181 1867 ad
1206 1801 1287 1868 iliud

222 1924 441 1989 licitationum
462 1942 572 2011 genus
593 1926 688 1990 certa
710 1922 850 2008 quadam
872 1924 950 2012 lege
973 1942 1058 2008 opus
1073 1927 1145 2009 est,
1166 1940 1287 1989 auen-

222 2044 332 2111 ditore
354 2046 633 2129 empturientibus
656 2034 892 2135 proponenda,
915 2044 1066 2110 omnibus
1086 2044 1170 2135 iocis
1196 2043 1287 2109 inita

223 2144 262 2231 et‘
290 2166 405 2232 clausa
439 2162 672 2253 praeterquam
703 2169 829 2252 pretio:
865 2165 900 2231 id
932 2168 1035 2245 enim,
1072 2184 1169 2251 quum
1205 2184 1287 2249 prae

222 2289 367 2354 caeteris
388 2289 539 2353 omnibus
559 2306 686 2377 genere
706 2291 743 2377 et
766 2306 902 2353 numero
925 2290 1031 2352 totum
1049 2305 1182 2372 semper
1202 2295 1288 2354 con'-

221 2411 337 2495 sistat,
359 2409 510 2494 adeoque
532 2408 664 2474 facilem
686 2407 810 2474 habeat
831 2427 851 2473 a
873 2409 989 2472 minori
1012 2407 1056 2472 ad
1079 2411 1183 2473 maius
1205 2428 1288 2494 pro-

222 2531 431 2619 gressionem
454 2528 710 2614 expeditamque
733 2529 804 2593 eius
826 2530 1076 2616 progressionis
1092 2534 1289 2614 perceptio-

224 2634 299 2715 nem
335 2654 436 2736 aique
469 2651 749 2731 aestimationem,
784 2649 989 2733 aptissimum
1023 2653 1092 2734 est,
1129 2650 1218 2736 quod
1254 2652 1289 2716 in

223 2770 389 2835 hominum
404 2774 573 2836 conuentu
591 2788 630 2837 ac
644 2770 842 2837 simultanea
861 2772 1128 2854 empturientium
1144 2775 1289 2837 conten-

224 2893 316 2958 tione
338 2910 359 2957 a
381 2895 485 2977 primo
507 2893 642 2958 uolente
664 2892 812 2978 quolibet
834 2890 932 2957 modo
955 2891 1131 2978 offeratur,
1159 2892 1289 2978 deinde,

225 3033 396 3100 quousque
424 3033 536 3079 eorum
554 3016 608 3100 qui
624 3013 748 3079 adsunt
769 3013 912 3079 studium
931 3017 1108 3100 suppetat,
1129 3014 1289 3080 licitando

224 3138 405 3225 augeatur,
430 3135 473 3201 ad
495 3137 640 3201 ultimum
663 3136 755 3200 nullo
777 3133 923 3202 addente
945 3140 1041 3222 quasi
1066 3137 1169 3202 tacite
1191 3136 1290 3201 finta-

225 3260 296 3341 tur,
319 3256 508 3343 finitumque
530 3259 725 3324 contractus
740 3258 867 3346 legem,
889 3260 1033 3324 caeteris
1050 3259 1203 3342 partibus
1217 3261 1291 3342 pri-

225 3380 324 3443 mitus
347 3381 561 3455 constitutam
583 3368 626 3444 ao'
645 3379 843 3465 stabilitam,
873 3381 1039 3464 compleat
1068 3384 1103 3444 et
1124 3380 1291 3444 absoluat.

289 3532 349 3605 Sic
371 3539 493 3624 ubique
515 3538 663 3624 gentium
692 3535 792 3600 hodie
821 3536 919 3604 uideo
945 3540 1119 3604 auctiones
1147 3539 1292 3625 institui,

226 3660 432 3746 eundemque
454 3678 577 3725 morem
597 3657 688 3743 apud
709 3657 882 3724 Romanos
900 3659 975 3723 olim
994 3660 1196 3742 obtinuisse,
1218 3677 1292 3725 cum

227 3783 388 3868 exemplis
400 3775 423 3858 ⁴)
459 3783 527 3845 tum
561 3781 706 3846 utilitate
747 3781 932 3866 communi,
975 3768 1154 3866 quinetiam
1192 3783 1293 3848 insita

228 3902 369 3986 quadam
390 3906 594 3969 necessitate
615 3901 693 3966 mihi
714 3904 1000 3987 persuasissimum
1023 3878 1084 3968 est.

261 4141 292 4198 1)
310 4143 438 4193 Videatur
455 4145 485 4191 in
503 4145 610 4193 Verrem
627 4144 657 4196 1,
686 4143 731 4194 51.
788 4144 820 4193 de
843 4156 920 4205 opere
941 4142 1069 4207 faciundo
1097 4141 1228 4210 (Puteolis
1255 4145 1295 4193 io-

229 4243 305 4294 seqq.
327 4229 391 4281 Coto
409 4232 440 4280 do
452 4231 484 4279 11.
498 4231 531 4281 ii.
546 4247 570 4282 o.
586 4233 648 4282 116.
669 4230 731 4293 (Ed.
789 4229 882 4295 uentu)
901 4234 974 4296 apud
992 4233 1161 4283 Brissonium
1178 4234 1212 4283 de
1231 4233 1295 4281 For·

228 4316 417 4382 Schneideri),
449 4319 520 4369 coni.
553 4322 589 4370 ib.
617 4335 642 4370 e.
669 4322 730 4371 111.
790 4322 871 4373 mulis
891 4322 949 4372 Lib.
970 4321 1015 4372 111.
1036 4336 1060 4371 e.
1080 4323 1123 4373 72.

230 4406 289 4457 115.
309 4407 370 4457 117.
391 4413 417 4457 et
435 4421 510 4471 seqq.
531 4422 556 4458 c.
571 4410 614 4460 11.
633 4433 666 4445 -
679 4409 733 4459 Leo

271 4517 395 4561 semestris,
419 4515 463 4559 iio.
481 4515 495 4557 i.
1001 4488 1020 4548 7
