3352 5276
206 504 243 580 §-
263 493 302 565 8.
329 489 389 563 A‘.
412 488 476 577 θ’.
487 474 683 562 absentem
698 497 800 562 roete
818 486 1169 587 defendendamque,
1210 487 1269 548 161

208 680 358 765 quidem,
380 689 415 744 at
429 698 590 743 neminem
605 679 856 760 intercessisse,
879 697 961 765 ergo
978 677 1147 743 decretum
1163 675 1272 741 Prae·
1291 683 1381 781 '3⁵0¹'
1382 686 1431 795 ιιὲιι

207 805 292 866 toris
313 820 385 867 oum
408 802 625 884 possessione
648 802 808 864 bonorum
830 798 955 863 firmum
976 798 1186 884 umidumque
1208 797 1272 862 hac
1291 811 1348 893 ig·
1306 799 1377 894 ΗΜ
1337 801 1371 837 ⁸¹¹

209 928 304 1008 parte
327 914 529 987 mansisse?

270 1078 341 1149 Sed
363 1041 443 1145 nihil
466 1085 518 1147 est
540 1100 600 1147 cur
623 1083 715 1165 quasi
739 1070 892 1167 perditae
915 1099 1038 1166 operae
1060 1083 1242 1164 poeniteat.

271 1241 403 1328 Quippe
425 1261 630 1332 magnopere
660 1243 785 1305 errabit
815 1243 868 1326 qui
900 1242 1086 1325 putauerit,
1119 1240 1272 1321 quoniam

207 1368 326 1429 iustam
355 1366 563 1430 tribunorum
591 1365 864 1428 intercessionem
895 1342 1041 1428 Alfenus
1071 1382 1138 1426 non
1164 1363 1273 1446 impe-

207 1490 325 1573 trauit,
363 1487 490 1550 trustra
521 1506 593 1550 eum
622 1505 685 1551 neo
715 1486 783 1549 ullo
815 1504 954 1569 prorsus
983 1484 1094 1549 truotu
1119 1485 1273 1547 tribunos

206 1610 316 1693 plebis
338 1610 577 1692 appellauisse.
971 1675 975 1681 ,

271 1730 350 1819 Age
372 1732 419 1793 sis
441 1728 628 1811 uideamus,
652 1726 729 1811 quid
752 1730 830 1791 noui
853 1728 1097 1812 superuenerit.
1130 1759 1132 1767 ‹

274 1886 330 1951 «Α
352 1888 473 1978 potibus
495 1880 589 1967 (soil.
612 1887 762 1952 tribunis
775 1867 903 1970 ptedts:
927 1925 967 1934 -
983 1888 1066 1969 ipsis
1082 1891 1159 1963 utar
1173 1884 1273 1951 'l'uttii

273 2001 481 2088 «uerbis³¹)]
511 2028 615 2098 portem
642 2013 734 2074 esset
757 2014 889 2074 eertum
911 2009 1085 2074 ausititem
1104 2013 1272 2096 petttnm,

274 2134 350 2219 ,πα
380 2137 454 2196 tum
483 2130 689 2213 disceditur,
723 2135 764 2194 ut
790 2114 911 2195 Idibus
943 2126 1207 2216 septembribus
1231 2127 1273 2194 P.

273 2251 499 2331 ·Qutuotium
521 2257 601 2319 sisti
625 2249 714 2317 Sem.
737 2250 888 2336 Attienus
909 2258 1157 2339 promitteret.¹¹

270 2375 382 2463 Ergo,
409 2376 436 2439 si
460 2393 574 2438 uerum
597 2376 801 2459 quaerimus,
828 2375 1068 2439 erudimentum
1089 2379 1127 2439 tu
1148 2393 1272 2459 perso-

207 2515 291 2561 num
327 2495 481 2575 Quietottt
514 2496 701 2580 collatum,
735 2493 881 2559 Alfenus
915 2499 1114 2579 procurator
1145 2496 1272 2560 Naeuio

208 2620 344 2707 roganti
366 2619 517 2701 promisit
529 2609 576 2694 ³⁵).

273 2739 369 2803 Nune
390 2741 421 2803 si
443 2738 591 2802 Naeuius
614 2729 729 2816 [lubet
752 2736 929 2821 parumper
951 2756 970 2801 a
993 2756 1030 2802 re
1052 2741 1151 2823 gesta
1174 2755 1273 2802 reee-

209 2858 290 2924 dere
313 2863 347 2925 et
370 2859 557 2925 tietionibus
580 2877 714 2941 operam
737 2850 841 2937 dare]
864 2861 897 2922 in
925 2861 995 2923 iure
1025 2863 1143 2944 antea,
1177 2879 1273 2944 quum

210 2981 356 3046 Alfenus
378 2980 420 3045 ad
440 2980 592 3045 iudicium
609 2978 755 3062 Quinctii
771 2983 901 3044 nomine
916 2981 1163 3066 accipiendum,
1185 2981 1274 3045 dun-

209 3107 306 3167 taxat
324 3105 397 3167 sine
413 3102 651 3187 satisdatione,
673 3105 825 3187 paratum
840 3076 877 3166 se
894 3102 1088 3168 ostenderet
1099 3105 1275 3195 ,benigne

209 3227 452 3308 oonsensisset,
475 3227 639 3289 actionem
662 3223 1053 3310 edidisset-acceptaque
1075 3226 1216 3291 formula
1241 3229 1274 3290 in

209 3346 365 3411 iudicium
388 3346 599 3432 deduxisset3
622 3351 736 3412 eertus
757 3368 827 3411 sum
850 3351 1012 3411 neminem
1035 3348 1275 3432 dubitaturum,

210 3471 288 3554 quin
311 3471 405 3534 reete
427 3465 604 3549 Quinctius
620 3473 720 3552 atque
735 3448 783 3532 uti
800 3476 934 3553 oportet
950 3489 1010 3552 per
1025 3474 1274 3552 procuratorem

210 3588 387 3676 defensus,
409 3590 581 3673 possessio
605 3608 685 3653 uero
702 3591 862 3654 bonorum
877 3595 935 3654 aut
950 3590 1123 3655 Praetoris
1138 3590 1275 3679 decreto

210 3713 343 3776 sublata
371 3712 509 3795 fuisset,
542 3715 600 3774 aut
630 3713 757 3777 etiamsi
784 3710 883 3795 tuoto
913 3712 1043 3795 quidem
1070 3712 1275 3800 durnuisset‚

246 3986 292 4052 3d)
312 4003 336 4038 o.
356 3990 382 4038 7.
403 3996 469 4040 extr.
774 3992 815 4054 gis
834 4005 995 4052 caueamus,
1024 4005 1059 4041 ne
1081 3992 1188 4042 diuersa
1208 3996 1277 4043 inter

247 4075 292 4139 35)
311 4078 351 4127 De
370 4091 403 4127 eo
422 4092 523 4140 genere
536 4078 609 4129 cont.
625 4079 654 4128 L.
673 4080 715 4128 to.
775 4094 804 4129 se
823 4080 1040 4142 contunduntur,
1060 4082 1213 4131 adhibenda
1227 4083 1279 4131 erit

213 4181 254 4229 pr.
272 4165 302 4215 L.
323 4167 366 4214 11.
386 4167 416 4216 L.
437 4168 479 4216 12.
495 4168 524 4217 Ι..
540 4169 584 4218 m.
616 4168 718 4232 Siquis
775 4170 805 4218 L·
825 4170 852 4219 2.
872 4166 901 4232 δ.
920 4171 947 4220 5.
985 4169 1037 4232 Qui
1058 4172 1151 4221 satisd.
1172 4183 1231 4231 cog.
1253 4176 1279 4218 et

213 4254 393 4304 cautionibus.
414 4255 444 4304 L.
461 4255 505 4306 81.
526 4257 556 4305 L.
570 4257 614 4306 38.
629 4253 658 4318 δ.
672 4258 716 4306 at.
776 4273 802 4322 q.
824 4273 849 4322 g.
871 4272 895 4308 a.

212 4344 252 4393 De
271 4344 303 4392 V.
323 4342 356 4392 0.
376 4370 408 4380 -
427 4343 486 4405 Qua
505 4344 534 4393 in
557 4359 586 4394 ro
607 4360 718 4408 quoma-

255 4452 378 4497 semestris,
394 4452 438 4492 Lib.
452 4453 467 4490 Ι.
979 4452 1016 4511 11
