3352 5276
201 496 287 583 86.
305 489 469 566 Dono
487 490 529 564 V.
537 491 619 564 bon.
630 486 923 565 —Sotocoiuoc
933 490 1180 589 quaestiones.
1207 489 1268 552 105

203 686 327 747 coitari
349 683 450 766 atque
471 681 544 745 eius
564 680 701 769 generis
722 679 913 764 complura,
950 696 1036 763 quae
1065 679 1165 744 nimia
1192 697 1269 744 esse
1302 685 1422 740 unni-u

204 804 415 887 oratoriaque
438 800 578 887 quadam
600 803 737 867 licentia
759 802 987 889 exaggerata,
1009 818 1072 868 nec
1087 802 1151 866 nlsi
1166 801 1270 866 mise-

202 924 343 990 rationis
364 922 540 1013 augendae
556 940 679 989 caussa
692 922 903 988 accumulata
916 921 1062 986 libenter
1076 920 1269 988 concedam.

265 1043 354 1139 lllud
383 1063 464 1111 uero
495 1043 678 1130 praedictis
705 1044 856 1108 omnibus
885 1045 967 1128 puto
993 1046 1114 1108 inesse,
1128 1044 1270 1109 uerissi-

202 1188 311 1255 mum‚·
326 1169 355 1232 si
374 1163 551 1248 Quinctius
565 1166 747 1251 sponsione
764 1166 970 1248 uinceretur,
993 1164 1140 1228 futurum
1155 1164 1270 1249 fuisse,

201 1293 237 1354 ut
267 1290 480 1378 ignominiam
512 1287 743 1371 infamiamque
775 1288 848 1352 lure
877 1287 1094 1351 constitutam
1129 1286 1268 1351 subiret.

203 1408 303 1493 Quod
325 1430 390 1496 qua
411 1412 543 1475 ratione
570 1411 765 1501 euenturum
792 1407 911 1490 tuerit,
948 1426 1051 1492 supra
1078 1410 1270 1475 accuratius

201 1535 391 1619 expositum
411 1533 465 1598 est
477 1524 523 1609 ¹⁷).

263 1691 382 1776 Neque
403 1709 454 1756 me
477 1690 580 1776 sugit,
606 1684 798 1777 Poppeum,
824 1688 910 1753 alias
931 1685 1021 1753 haud
1043 1686 1268 1772 spernendum

201 1816 390 1888 auctorem,
424 1812 543 1877 contra
564 1813 715 1876 statuere
728 1803 783 1891 ¹⁸),
820 1812 930 1877 omnia
960 1812 1019 1877 llla
1039 1829 1128 1877 uana
1150 1813 1268 1875 orato-

200 1934 324 2016 rieque.
351 1932 494 1998 conficta
528 1932 659 2016 inisse,
687 1951 795 2019 neque
822 1934 923 1999 ullum
949 1933 1058 2000 famae
1085 1933 1267 2018 periculum
1320 1912 1322 1915 ¹

201 2056 244 2120 ab
266 2036 331 2119 hoc
352 2052 473 2119 iudicio
496 2051 653 2136 Quinctio
674 2055 884 2121 imminuisse.
928 2053 1035 2138 Quam
1056 2058 1168 2120 tamen
1184 2073 1267 2120 sen-

201 2178 340 2242 tentiam
361 2172 605 2261 probatissimis
626 2176 810 2262 quibusque
832 2177 1027 2243 auctoribus
1048 2178 1166 2242 merito
1194 2175 1267 2240 dis-

200 2300 359 2384 plicuisse
382 2316 504 2365 censeo
515 2290 568 2384 19);
592 2300 670 2382 quin
691 2316 712 2363 a
735 2297 843 2363 Tullio
866 2302 983 2364 nostro
998 2318 1059 2384 pro
1075 2300 1266 2384 turpissimo

200 2421 324 2505 probro
348 2418 519 2502 depulsam
541 2419 628 2483 uolo.
671 2417 754 2483 Nam
778 2437 820 2483 ex
837 2437 977 2484 caussae
996 2419 1167 2485 commodo
1185 2437 1267 2486 uera

201 2558 346 2629 augere,
369 2542 549 2625 quinetiam
572 2539 674 2622 salsa,
694 2539 750 2603 ubi
772 2538 936 2623 probandi
952 2558 1032 2624 spes
1046 2542 1107 2627 sit,
1134 2543 1267 2605 tentare

202 2664 392 2748 oratorem,
440 2660 534 2726 facili
583 2660 722 2745 negotio
768 2658 867 2725 oflicii
911 2659 1081 2745 studiique
1129 2659 1266 2726 habebit

203 2781 452 2846 excusationem
459 2800 469 2867 3
486 2772 488 2776 '
505 2783 541 2845 at
568 2799 630 2867 per
658 2783 762 2850 totam
791 2778 1019 2846 defensionem
1043 2780 1085 2847 de
1107 2782 1179 2847 iure
1201 2801 1267 2847 no-

202 2903 329 2968 tissimo
351 2904 399 2968 ita
420 2902 568 2988 mentiri,
605 2905 730 2966 utnon
759 2900 857 2966 modo
885 2898 1051 2992 Aquillti,
1083 2905 1267 2988 sapientis-

201 3026 274 3089 simi
295 3023 431 3107 iudicis‚
466 3022 527 3089 sed
556 3042 598 3088 ne
626 3022 804 3090 mediocris
830 3022 961 3108 quidem
983 3026 1176 3110 cuiusquam
1199 3025 1268 3090 ial-

201 3145 291 3213 lendi
322 3165 403 3231 spes
431 3147 495 3230 sit,
527 3144 561 3211 id
589 3164 671 3211 uero
701 3145 865 3211 stultitiae
892 3148 1000 3232 atque
1025 3145 1266 3231 impudentiae,
1317 3180 1320 3185 ·

201 3287 269 3333 non
292 3266 466 3333 'l’ullianae
488 3268 699 3352 eloquentiae
721 3271 783 3332 est.

264 3426 444 3492 Enimuero
470 3427 516 3516 si,
549 3429 584 3490 ut
606 3446 667 3512 par
688 3431 758 3515 est,
787 3426 884 3492 fidem
906 3429 1004 3494 nobis
1024 3423 1143 3495 Cicero
1165 3428 1266 3516 iacit,

202 3547 244 3613 de
260 3548 348 3614 iama
366 3545 555 3631 Quinctium
571 3548 705 3632 iudicio,
728 3548 816 3634 quod
831 3552 963 3639 agitur,
982 3551 1181 3635 periclitari,
1191 3568 1267 3635 Vnae

201 3670 283 3735 illud
307 3690 438 3757 quoque
461 3672 569 3756 palam
592 3673 646 3735 est
672 3650 881 3760 intelligere,
915 3671 1023 3737 lamae
1049 3670 1130 3738 illud
1159 3671 1266 3737 detrl.

202 3795 344 3858 mentum
360 3796 571 3880 possessioni
585 3794 745 3858 bonorum
760 3811 828 3858 non
843 3794 1040 3859 ucladittoai
1054 3795 1265 3860 coniunctum

237 4066 284 4134 17)
301 4070 369 4121 Vide
387 4067 415 4133 §-
435 4073 462 4123 1.
482 4087 509 4135 p.
529 4072 573 4122 20.
592 4085 649 4136 seq.
759 4071 990 4137 mono-Hotlwep
1008 4072 1029 4124 l.
1043 4087 1068 4124 o.
1088 4087 1115 4137 p.
1129 4072 1190 4124 881.
1206 4086 1263 4137 aeq.

237 4156 282 4221 18)
301 4160 399 4209 lllreiu.
428 4161 498 4211 llus.
526 4160 703 4225 1111111111-
760 4162 821 4211 311.
841 4160 960 4212 Nictolrr
979 4162 1012 4212 ll.
1029 4160 1062 4214 G.
1076 4162 1107 4212 Τ.
1123 4163 1145 4212 l.
1160 4177 1186 4225 p.
1200 4161 1264 4211 oea.

203 4248 366 4297 deu21828.
388 4262 414 4310 p.
434 4249 477 4315 88.
761 4250 823 4313 (ild.
843 4249 882 4314 3.)
903 4249 1023 4314 Socipup
1042 4251 1060 4300 l.
1082 4265 1105 4301 o.
1127 4264 1154 4313 p.
1174 4250 1236 4301 808.

237 4335 282 4400 18)
302 4337 433 4386 Zimmcru
444 4337 463 4386 l.
478 4350 502 4386 c.
515 4352 541 4400 p.
555 4338 616 4388 238.
628 4339 704 4390 Bott-
