3352 5276
191 530 228 606 s.
246 518 283 588 7.
313 515 373 589 A·.
391 513 457 603 Qn.
471 514 660 588 absentem
677 510 779 586 recte
796 511 1005 611 defenderit
1021 535 1150 586 neone.
1195 512 1255 574 119

192 710 318 787 status,
348 710 449 769 utne
472 704 505 767 in
527 705 598 767 iure
621 700 762 767 dicendo
786 701 916 787 quidem
938 701 1157 767 Praetoribus
1177 702 1254 766 inll-
1272 708 1412 820 stam

192 831 294 892 ultum
316 846 355 893 ac
378 827 472 911 quasi
495 828 622 913 regium
645 824 815 906 imperium
844 825 1027 910 tribuatur3
1063 825 1159 888 inmo
1188 824 1254 887 tri„
1272 825 1352 875 1²⁶⁰·st

192 951 269 1015 buni
299 949 422 1035 plebis,
457 948 572 1011 auxilli
601 965 722 1013 caussa
754 947 943 1029 constituti,
976 947 1075 1011 sicuti
1108 946 1254 1041 caeteris

163 1133 166 1139 .
192 1071 460 1159 magistratibus,
481 1070 528 1134 ita
552 1070 649 1134 etiarn
672 1067 841 1151 Praetori,
873 1069 902 1132 sl
925 1065 1002 1153 quid
1025 1069 1168 1153 iniquius
1190 1064 1254 1130 de-

191 1193 353 1277 creuerit,
386 1209 506 1257 caussa
533 1192 671 1279 cognita
699 1188 910 1255 intercedere
930 1172 1123 1273 inperiique
1145 1191 1210 1251 ulm
1232 1206 1254 1253 a

191 1315 281 1400 ciue,
314 1313 368 1397 qui
397 1312 560 1376 aduersus
589 1312 739 1376 iniuriam
770 1330 808 1377 se
836 1311 1076 1398 appellauerit,
1109 1310 1187 1398 lege
1212 1328 1254 1375 ae

190 1454 281 1499 more
303 1433 473 1518 depellere
495 1435 636 1517 possint.

214 1566 217 1571 ’
254 1554 341 1637 Qirid
371 1558 476 1643 igitur
504 1546 584 1623 est?
614 1554 758 1619 Praetor
784 1554 943 1619 Alienum
973 1554 1126 1619 iudicium
1148 1556 1253 1618 satis-

192 1676 271 1742 dato
309 1678 463 1761 accipere
501 1678 668 1761 iusserat,
707 1678 770 1739 nisi
806 1678 854 1740 ita
890 1677 1121 1760 acciperetur,
1157 1676 1254 1740 bonis

192 1797 338 1880 Quinctii
371 1796 597 1882 possidendis,
634 1796 899 1885 proscribendis,
935 1795 1121 1861 uendendis
1153 1801 1255 1881 pote-

191 1923 313 1987 statem
336 1938 427 1984 suam
454 1918 775 1989 accommodaturunl
803 1938 840 1985 se
870 1918 1076 1985 ostenderat.
1128 1918 1254 1985 Alfeno

194 2042 363 2107 decretum
385 2041 466 2106 illud
488 2043 633 2126 iniquum
655 2040 848 2130 uidebatur,
877 2041 1080 2126 confidebat,
1113 2040 1255 2104 tribunis

191 2159 299 2247 pleb‘is
321 2182 358 2227 se
380 2164 615 2251 probaturum,
633 2166 705 2227 sine
728 2163 949 2229 satisdatione
972 2163 1126 2229 iudicium
1141 2160 1255 2243 Quin-

191 2288 250 2351 ctil
272 2288 404 2350 nomine
425 2288 580 2371 accipere
601 2286 664 2351 sibi
686 2286 798 2350 licere.
845 2285 939 2374 Ergo
962 2287 1115 2350 tribunos
1138 2286 1255 2368 piebis,

190 2407 420 2495 magistratum
443 2408 556 2470 auxilii
580 2424 700 2471 caussa
722 2409 956 2491 constitutum,
977 2409 1163 2491 appellauit
1175 2399 1223 2484 1⁵).

254 2525 352 2608 Quod
374 2531 402 2591 si
425 2529 602 2613 collegium
624 2528 830 2592 tribunorum
856 2546 977 2592 caussa
1006 2529 1143 2619 cognita
1171 2546 1255 2610 pro-

191 2650 403 2736 nunciasset,
426 2665 565 2732 aequum
588 2649 760 2731 postulare
782 2647 958 2728 Alfenum,
980 2667 1022 2713 ue
1044 2650 1107 2712 sibl
1123 2647 1253 2732 quldem

191 2769 297 2832 uideri
318 2769 484 2841 satisdare
507 2767 630 2834 debere
652 2772 903 2853 procuratorem
925 2771 1013 2854 eius,
1036 2770 1107 2854 qui,
1129 2771 1157 2832 si
1181 2771 1253 2852 ipse

191 2889 342 2970 adesset,
382 2890 548 2956 satisdare
579 2910 647 2954 non
677 2888 831 2975 deberet,
868 2891 994 2956 Alfeno
1023 2909 1061 2956 se
1092 2890 1254 2955 aduersus

191 3012 365 3077 Praetoris
381 3017 580 3097 potestatem
593 3012 717 3077 auxilio
728 3013 875 3076 futuros:
892 3030 976 3096 quae
988 2991 1120 3075 laudeni
1132 3030 1253 3077 caussa

192 3134 255 3199 dici
279 3136 462 3221 potuisset,
481 3119 570 3219 'quin
588 3138 671 3200 lure
697 3137 731 3199 et
756 3153 846 3200 more
868 3154 929 3218 per
949 3108 1179 3224 mbgistraium
1200 3135 1253 3200 le-

191 3255 291 3345 gibus
312 3259 526 3321 constitutum
550 3255 697 3321 Alfenus
717 3275 738 3320 e
759 3256 944 3321 satisdandi
964 3258 1115 3321 molestia
1131 3256 1253 3322 decre-

192 3384 293 3463 toque
315 3376 489 3441 Praetoris
511 3396 588 3442 sese
611 3395 682 3442 cum
706 3375 862 3458 Quinctio
884 3370 1091 3443 liberasset?

255 3499 330 3564 Hoc
345 3499 502 3595 emplius:
524 3490 708 3564 sinaeus
723 3501 789 3581 ille,
800 3495 852 3563 M.
864 3498 973 3564 'l'ulltt
986 3484 1254 3582 aduersarius¹⁶),

190 3621 333 3685 tribunis
355 3620 480 3706 plebis,
517 3603 870 3705 quos'appellauerat,
906 3622 1050 3705 probaro
1073 3622 1254 3705 potuisset,

226 3848 271 3916 15)
292 3852 366 3902 llaec
379 3858 419 3904 est
431 3853 472 3903 roi
486 3854 593 3916 imago,
612 3866 695 3915 quam
752 3853 814 3902 «ito
842 3856 948 3913 tameo,
976 3865 1050 3902 more
1073 3858 1097 3904 et
1117 3855 1253 3915 instituto,

192 3940 360 3995 audientium
371 3943 469 3990 animis
482 3940 585 3991 ollandi
600 3939 694 3992 Cicero
752 3955 821 4003 «per
839 3954 899 3991 enm
917 3943 1121 4004 mapistrotum,
1141 3945 1188 4005 put
1206 3957 1254 3992 ou·

193 4029 291 4078 studet.
326 4029 393 4078 Vide
407 4044 430 4078 c.
444 4029 471 4080 7.
486 4034 577 4092 (supra
591 4044 616 4093 p.
632 4029 693 4079 126.
752 4031 836 4079 «sitii
872 4044 967 4080 caussa
1000 4032 1158 4080 constitutos
1187 4036 1252 4081 est»

192 4123 249 4167 nol.
274 4112 331 4178 28.)
357 4131 382 4166 o.
404 4118 451 4166 20.
495 4120 646 4168 «Fatolur.
663 4152 692 4168 ..
751 4118 828 4168 adde
853 4131 878 4168 c.
903 4119 946 4167 22.
973 4115 1091 4183 (pi-127.
1118 4126 1173 4170 nol.
1194 4117 1252 4180 at.)

193 4204 558 4255 sAllenum...ludicium
572 4207 638 4271 quin
651 4220 694 4256 ec·
751 4220 776 4257 o.
803 4207 849 4257 28.
877 4230 910 4240 -
938 4206 1038 4258 Conlar
1063 4209 1145 4257 eliam
1170 4219 1252 4269 supra

194 4311 208 4341 «
216 4295 318 4356 ciperet
336 4293 365 4342 in
383 4306 415 4342 aa
435 4294 492 4355 ipsa
506 4295 604 4356 uerba,
624 4308 694 4358 quae
750 4310 777 4360 p.
797 4295 858 4346 rte.
878 4301 935 4346 nol.
954 4295 981 4346 d.

193 4381 334 4434 «Naeuius
347 4372 460 4442 edebat,
474 4395 693 4444 nonrecusasse;
786 4384 831 4441 lb)
850 4384 917 4434 Vide
940 4396 1021 4447 supra
1046 4398 1072 4447 p.
1094 4383 1155 4433 tlt.
1175 4396 1251 4446 seqq.
