3352 5276
431 485 492 548 130
542 481 690 584 Gap-I.
742 480 804 557 De
828 485 915 557 iure
940 504 1102 558 coueaue
1130 478 1395 570 Quinctianae.

261 683 408 793 'mnf-
490 671 574 740 Plus
605 672 705 738 etlam
733 673 870 761 largiar.
911 673 1030 740 Lectio
1058 670 1222 738 talebore
1253 673 1302 737 itu
1331 674 1489 739 conuenit

259 770 307 840 ὦ·
426 797 460 862 el
484 796 690 879 sententiae,
725 796 763 858 ut
789 793 886 860 simul
913 797 1067 882 nostrae,
1100 794 1166 879 qua
1194 794 1388 878 statuimus,
1423 812 1488 881 pro

423 921 667 1006 procuratore,
696 933 768 982 rtou
794 919 939 1003 propter
969 915 1061 982 torta
1094 913 1251 997 Qutrtcttt
1280 933 1328 979 eu
1356 913 1488 981 Edwto

423 1055 602 1126 possessu,
633 1035 794 1103 Alienum
813 1034 982 1102 satisdare
1002 1035 1132 1102 Naeuio
1154 1036 1338 1121 postulanti
1364 1037 1488 1100 iussum

424 1176 518 1244 esse,
554 1160 689 1244 penitus
714 1156 930 1244 aduersatur3
956 1156 1108 1243 adeoque
1129 1174 1271 1223 caussae
1292 1156 1373 1221 nihil
1395 1154 1487 1243 dico,

424 1283 503 1366 quin
524 1282 583 1345 aut
605 1279 704 1365 haec,
726 1297 822 1366 quam
843 1278 952 1346 adhuc
975 1277 1201 1362 defendimus,
1222 1279 1407 1362 sententia,
1429 1280 1487 1343 aut

421 1403 480 1467 illa
501 1402 600 1468 lectio
622 1400 802 1490 talebore,
825 1401 958 1495 omnino
980 1401 1025 1465 sit
1045 1399 1238 1466 reiiclenda.

484 1558 572 1641 Quid
593 1550 706 1626 enlm?
734 1560 790 1644 qul
811 1557 996 1626 iubebatur
1017 1557 1201 1643 satisdare,
1226 1560 1376 1644 quisnam
1397 1549 1488 1623 tuiti

483 1679 652 1769 Alfenus,
674 1682 804 1766 opinor.

482 1803 534 1869 At
554 1805 590 1868 in
611 1803 676 1870 hoc
697 1806 814 1868 nostro
835 1801 913 1869 locu
935 1802 1010 1887 quis
1030 1803 1162 1869 dictur
1182 1807 1299 1869 trusus
1321 1797 1423 1869 esse?

486 1922 678 2004 Qutucttuc.
719 1924 803 1991 Nam
818 1923 861 1990 ad
877 1924 1055 2009 Alfenum,
1076 1922 1133 1988 dlu
1147 1927 1249 1989 antea
1263 1925 1426 1988 mortuum
1437 1915 1485 2003 ⁴¹⁸),

420 2066 489 2112 uon
511 2049 624 2131 potest
645 2044 759 2113 hercle
781 2047 811 2111 is
831 2064 940 2111 sermo
963 2043 1073 2131 dirigi.

484 2165 550 2248 Qui
571 2164 746 2232 ferendum
769 2172 821 2232 est
843 2158 937 2233 hoe?

483 2291 538 2354 Itu
567 2287 651 2354 ferri
681 2306 765 2355 sane
793 2288 934 2374 poterit,
964 2290 996 2353 sl
1024 2291 1233 2373 apparuerit,
1271 2286 1315 2353 ad
1342 2289 1483 2372 aliquam

420 2428 490 2476 rem
503 2430 566 2497 pro
582 2429 655 2476 artu
668 2428 822 2497 persona
837 2407 1027 2491 Quinctium
1042 2412 1144 2495 atque
1155 2408 1315 2474 Alienum
1329 2412 1364 2474 et
1379 2409 1485 2475 fuisse

421 2534 455 2598 et
477 2529 611 2597 habitos
635 2548 720 2596 esse.

482 2650 654 2719 Eiusmodi
676 2654 785 2717 autem
807 2670 864 2717 res
878 2652 945 2718 alia
959 2655 1073 2737 potest
1087 2670 1163 2718 esse
1177 2652 1269 2717 nulla
1283 2652 1347 2718 nisi
1362 2670 1485 2719 caussa

419 2775 478 2840 illa
499 2778 638 2859 propter
659 2792 756 2859 quam
777 2771 1005 2839 satisdandum
1030 2772 1104 2839 tuit.

484 2893 571 2977 Quid
590 2912 673 2983 ergo
688 2885 771 2959 esti
790 2889 829 2959 Si
842 2899 1087 2981 procuratoris
1102 2893 1279 2960 satisdatio
1293 2894 1375 2978 tuit,
1397 2914 1483 2981 quae

419 3017 462 3083 ab
483 3015 611 3115 allieno
633 3015 849 3103 exigebatur,
880 3014 1089 3080 manifestum
1119 3018 1189 3101 est,
1222 3035 1291 3081 uon
1316 3035 1419 3101 posse
1440 3035 1482 3081 eo

307 3128 310 3135 ’
419 3139 494 3203 loco
517 3136 676 3201 Alienum
697 3154 794 3201 unam
816 3154 888 3201 cum
910 3132 1068 3218 Quinctio
1097 3154 1273 3220 personam
1302 3138 1480 3203 sustinere.

419 3258 536 3342 Neque
558 3260 624 3321 tum
644 3257 757 3322 inians
777 3258 965 3342 reperietur
990 3257 1176 3343 quisquam,
1203 3258 1257 3344 qui
1282 3255 1481 3338 Quinctium

420 3378 596 3445 domiuum
618 3379 795 3445 uoauuem
815 3377 981 3445 satisdare
1002 3378 1126 3444 iussum
1148 3396 1225 3444 esse
1246 3377 1355 3467 dicat,
1382 3399 1479 3464 quum

419 3495 570 3585 Alfenus
604 3503 811 3585 procurator
836 3498 964 3566 idcirco
992 3499 1106 3566 iussus
1133 3504 1242 3591 esset,
1278 3502 1355 3587 qula
1385 3519 1480 3566 nemo

418 3594 549 3687 alienae
580 3620 631 3686 rei
658 3618 800 3689 ldoneus
830 3620 989 3687 defensor
1016 3621 1090 3688 slne
1110 3620 1331 3688 satisdatione
1353 3623 1481 3687 intelli-

419 3744 567 3832 geretur.
1095 3736 1098 3749 ‘
1390 3833 1394 3841 Ι

412 3840 414 3845 ⁴
482 3857 609 3930 Contra
630 3865 660 3929 si
681 3882 728 3929 ex
747 3881 899 3950 persona
921 3862 1092 3950 Qutrrcttt,
1126 3863 1158 3933 h.
1180 3883 1209 3930 e.
1230 3867 1371 3951 propter
1392 3865 1480 3931 bona

419 3980 566 4066 Quinctii
596 4003 638 4051 ex
667 3983 790 4051 Edicto
812 4002 988 4070 possessa,
1016 3983 1164 4052 Alienus
1185 3984 1229 4052 ad
1250 3985 1479 4052 satisdandum

418 4107 705 4192 compellebatur,
741 4124 806 4193 qua
843 4104 885 4172 de
921 4123 1042 4173 caussa
1077 4109 1176 4173 etiam
1212 4102 1414 4194 Quinctius,
1450 4109 1479 4172 si

450 4338 497 4404 a)
516 4337 585 4390 vno
603 4351 627 4388 o.
646 4337 691 4387 aa.
715 4359 747 4374 -
