3352 5276
412 513 472 575 168
520 508 615 611 Cup.
637 510 672 583 1.
726 508 787 584 Dc
812 514 898 584 iure
925 532 1086 585 caussae
1116 509 1379 597 Quinctianae.

259 735 272 759 x
317 750 321 759 .
410 698 628 787 extiterit⁴⁸);
649 700 684 765 id
706 719 788 765 uero
810 702 845 765 tn
863 698 926 766 heo
941 704 1124 784 temporum
1140 700 1300 766 distentis
1314 702 1476 767 atterius-

410 845 474 911 que
504 828 632 891 tontum
658 827 792 919 petroni
821 820 1018 888 defensione
1046 824 1233 889 instructus
1265 842 1333 888 non
1366 821 1472 889 audeo

409 966 518 1032 neque
539 945 704 1012 offirmare
727 964 835 1031 neque
857 964 994 1032 negare.

474 1108 544 1171 Iam
576 1107 792 1191 pertractatis
820 1104 908 1169 unde
938 1107 1130 1189 sponsionis
1158 1104 1335 1192 iudiciique
1373 1109 1472 1191 ceput

345 1284 348 1293 ,
412 1233 446 1294 et
467 1247 592 1293 summe
614 1228 792 1294 constabat
814 1218 916 1307 (sunt
933 1228 999 1292 etio
1015 1228 1144 1313 quidem
1159 1231 1337 1312 praeterea
1352 1226 1474 1293 defen-

409 1351 514 1415 sionis
536 1348 750 1431 adminicuto,
786 1353 821 1413 nt
848 1367 889 1414 es
911 1351 1037 1414 teuioru
1059 1368 1100 1416 oo
1122 1350 1270 1415 breuiter
1291 1351 1396 1415 sotum
1418 1352 1473 1414 in-

409 1472 514 1536 ferius
546 1461 845 1555 perstringendo),
882 1474 910 1534 si
944 1470 1078 1536 tondem
1107 1491 1126 1537 e
1160 1491 1211 1536 me
1243 1473 1473 1556 quaesiueris‚

409 1597 485 1659 uter
506 1595 660 1678 superior
682 1592 896 1679 discesserit,
929 1590 1106 1674 Quinctius
1127 1611 1170 1658 on
1192 1590 1356 1674 Naeuius,
1382 1592 1473 1658 iute-

408 1716 471 1781 bor
493 1734 543 1779 me
566 1716 697 1780 nescire
706 1708 763 1792 ²⁰⁹):
796 1716 823 1778 si
848 1717 935 1780 scire
958 1715 1121 1801 uolueris,
1143 1717 1219 1780 uter
1240 1714 1374 1807 dignior
1395 1714 1473 1779 iuc-

442 1965 488 2029 te)
508 1965 560 2028 Qui
569 1966 753 2016 narrationem
762 1964 844 2015 huius
853 1978 912 2015 ors·

408 2056 490 2104 tionis
503 2058 540 2113 (e.
554 2055 649 2116 3-9.‚
670 2055 815 2117 praecipue
833 2068 857 2104 o.
872 2050 911 2115 6.)

408 2148 509 2194 sitente
528 2143 749 2207 perlustrsuerit,
774 2144 913 2206 haudque·

408 2246 491 2297 quem
502 2231 661 2282 incredibile
670 2232 809 2291 iudicabit,
830 2245 913 2281 unam

409 2321 559 2370 sttersmue
592 2333 651 2373 rem
687 2320 715 2369 iu
747 2332 780 2368 ea
816 2332 911 2369 666666

408 2409 542 2462 Naeuium
551 2409 697 2470 nectutem,
708 2408 823 2458 iortssse
830 2409 913 2457 etism

404 2499 548 2564 perfidiose
564 2500 664 2561 egisse.
706 2499 793 2558 Nem,
822 2502 851 2547 ut
869 2511 913 2547 er-

408 2587 498 2650 empto
523 2593 601 2649 uter,
629 2587 701 2651 quod
726 2586 821 2637 Cicero
840 2599 913 2636 snm·

408 2677 459 2726 mis
478 2677 583 2727 uiribus
602 2676 741 2726 contendit
760 2672 873 2739 (uidesis
887 2688 911 2724 c.

406 2765 433 2815 6.
455 2766 497 2814 tt.
517 2765 561 2814 18.
575 2765 620 2814 2⁵1.
634 2763 710 2826 66),
729 2764 914 2813 uadimonium

409 2852 537 2913 Quinctio
573 2866 687 2914 prorsus
718 2852 822 2901 nultum
854 2865 913 2899 cnm

407 2940 509 2990 Naeuio
527 2939 627 3003 fuisso,
647 2941 713 2990 mitri
728 2942 838 3004 quidem
854 2954 913 3003 per-

407 3043 518 3079 suasum
537 3034 593 3089 est,
625 3029 778 3089 Nseuium,
806 3031 852 3092 qui
869 3042 912 3078 ex·

406 3119 543 3168 notissime
571 3118 711 3180 diligentis
736 3118 910 3181 procideret,

408 3213 437 3256 ut
450 3207 548 3256 tabuiis
561 3220 593 3255 sc
609 3208 736 3265 testibus,
758 3205 912 3266 Quinctium

407 3308 462 3344 non
479 3296 577 3344 stitisse
591 3301 615 3344 et
627 3308 654 3343 se
665 3296 777 3347 stitisse,
798 3296 911 3358 ptsnum

407 3383 498 3434 iecere
521 3389 611 3445 posset
635 3380 677 3446 (d.
697 3394 721 3432 c.
742 3383 798 3443 6.),
830 3381 911 3432 simui

408 3479 511 3523 eertum
532 3472 631 3532 inisse,
652 3471 685 3522 de
695 3473 827 3532 promisso
846 3485 912 3535 quo·

407 3576 460 3625 que
480 3562 638 3612 uadimonio
664 3574 692 3610 se
716 3562 911 3623 probaturum,

407 3664 496 3715 neque
509 3664 572 3700 eum
585 3650 708 3705 latuisse,
723 3649 912 3699 uadimonium

407 3741 460 3789 nisi
479 3741 643 3803 promissum
656 3740 739 3788 deseri
751 3752 807 3789 non
820 3751 911 3801 posse.

407 3828 478 3891 Quid
491 3835 582 3878 autem
599 3829 622 3878 si
641 3829 713 3891 qnod
728 3840 821 3877 eorsm
840 3828 913 3877 testi·

408 3919 457 3967 bus
469 3918 573 3968 Naeuio
579 3918 722 3980 Quinctius
732 3917 911 3979 promisisset,

407 4009 478 4056 inter
502 4007 617 4069 parietes
642 4005 705 4062 ille,
734 4007 844 4054 nemine
866 4018 912 4054 su-

407 4096 513 4156 diente,
541 4095 697 4153 remiserit,
725 4095 806 4156 idque
826 4094 912 4143 oredi-

407 4184 461 4234 biie
480 4185 608 4247 quidem,
629 4189 729 4232 atrion
749 4195 780 4231 ex
799 4183 912 4231 iudicio·

406 4287 466 4323 rum
484 4286 560 4323 more
587 4272 699 4335 pienum
726 4269 826 4319 iactum
854 4269 911 4320 iue-

406 4363 460 4413 rit‘t
479 4362 549 4424 Quid
564 4363 586 4411 si
602 4361 677 4410 atiud
690 4360 831 4423 quidpiam
845 4360 910 4410 Nse·

402 4444 423 4477 1

970 1968 1046 2015 nium
1065 1970 1111 2021 sut
1130 1966 1228 2015 dixisse
1246 1971 1294 2016 sut
1312 1965 1409 2016 iecisse
1426 1978 1472 2029 sp·

970 2055 1105 2118 paruerit,
1124 2068 1179 2118 quo
1200 2054 1334 2118 probsbiii
1355 2055 1475 2118 quodam

969 2144 1051 2193 modo
1083 2143 1111 2192 iu
1135 2156 1215 2206 spem
1245 2144 1377 2194 adductus
1404 2149 1475 2194 esset

969 2231 1128 2294 Quinctius,
1149 2231 1227 2291 iore,
1252 2233 1334 2282 etde
1353 2233 1475 2282 uadimo-

969 2320 1015 2370 nto
1034 2325 1174 2371 contrecto
1191 2321 1297 2371 absenti
1313 2321 1364 2371 sitii
1377 2334 1393 2371 s
1406 2322 1475 2371 Nee-

969 2409 1015 2459 uio
1048 2408 1236 2471 indulgeretur
1272 2422 1323 2460 nec
1359 2409 1476 2473 periculi

969 2497 1117 2561 quidquam
1136 2500 1308 2548 strueretur?
1328 2524 1356 2535 -
1395 2498 1475 2560 Quod

968 2587 991 2636 si
1022 2586 1083 2649 quis
1108 2586 1303 2637 existimauerit
1334 2586 1476 2637 Ciceronis

968 2675 1055 2737 magis
1074 2681 1229 2726 commento
1247 2688 1328 2739 quum
1346 2677 1386 2726 rei
1404 2676 1478 2725 ueri-

968 2769 1023 2814 tste
1039 2765 1188 2815 consistere
1208 2764 1247 2827 (id
1269 2777 1336 2814 uero
1357 2765 1477 2827 pruden-

969 2858 1010 2901 ter
1029 2852 1056 2901 in
1076 2853 1180 2903 incerto
1191 2853 1322 2917 relinquit
1334 2853 1477 2903 Buttman-

968 2953 1036 2994 nus,
1059 2941 1167 2992 flendi).
1187 2942 1214 2990 d.
1229 2942 1285 2993 Cir.
1301 2941 1378 2992 Proc.
1388 2938 1417 3003 6.
1428 2940 1475 2991 66.

969 3043 996 3092 p.
1015 3027 1107 3093 283.)‚
1133 3029 1240 3079 iseitius
1265 3035 1355 3080 umen
1374 3042 1476 3080 conue-

969 3118 1039 3177 niet,
1070 3119 1190 3181 potuisse
1217 3119 1352 3171 Naeuium
1376 3124 1404 3169 et
1421 3119 1476 3169 Ro-

969 3220 1030 3257 mse
1049 3212 1076 3256 et
1094 3207 1121 3256 iu
1141 3206 1230 3257 Gsllis
1257 3207 1420 3258 inuidiosius
1435 3213 1476 3257 st·

968 3308 1040 3358 que,
1069 3295 1240 3359 ultraquam
1260 3297 1350 3346 uirum
1371 3296 1476 3346 bonum

968 3384 1100 3434 adversus
1118 3385 1303 3448 propinquum
1327 3397 1360 3435 sc
1381 3397 1475 3434 neees-

968 3473 1071 3522 sarium
1088 3471 1183 3532 decet,
1197 3486 1305 3524 summo
1316 3473 1375 3524 inre
1384 3474 1475 3536 egisse

969 3561 1072 3621 uideri,
1103 3561 1226 3625 adeoque
1244 3562 1386 3625 indignum
1405 3562 1476 3611 iudi·

968 3651 1035 3710 cari,
1050 3651 1094 3700 cui
1104 3651 1132 3700 in
1143 3650 1266 3700 eiusdem
1277 3662 1389 3701 csussse
1398 3654 1475 3713 purte

969 3737 1025 3788 utln
1037 3745 1131 3789 contra
1144 3740 1267 3789 strictum
1280 3740 1323 3789 ius
1335 3752 1368 3790 ex
1385 3751 1475 3803 nequo

969 3832 995 3876 et
1015 3827 1087 3877 hono
1105 3832 1318 3878 succurreretur.

1003 3914 1049 3969 66)
1068 3914 1122 3964 Atti
1140 3917 1210 3966 sciro
1229 3930 1259 3966 se
1272 3916 1387 3979 professi
1400 3921 1472 3976 suut,

970 4003 1054 4052 ueluti
1066 4004 1122 4053 Nic.
1136 4004 1293 4067 Desjnrdins
1301 4003 1474 4067 (inEditions

969 4090 1144 4152 orationum,
1174 4093 1286 4143 Parisiis
1308 4092 1387 4143 1738.
1411 4089 1473 4156 6.),

968 4180 1015 4243 qui
1033 4181 1068 4229 ed
1091 4182 1194 4231 calcem
1212 4182 1374 4243 tegumenti
1391 4182 1474 4231 huius

969 4267 1099 4320 orationis
1112 4271 1181 4320 irseo
1199 4270 1343 4333 apposuit:
1364 4270 1474 4320 «Euen-

970 4359 1035 4404 6666
1047 4355 1099 4418 snit
1108 4355 1183 4419 [etin.
1208 4358 1332 4408 liberato
1349 4358 1474 4418 Quinctio

1653 2646 1655 2723 r
