3352 5276
407 486 469 550 142
522 483 616 587 Cep
635 487 670 561 1.
723 484 785 561 De
810 490 895 562 iare
920 510 1082 563 ceueeee
1110 488 1374 576 Quinctianae

245 684 338 782 ffl·
339 677 505 794 ¹plauit:
528 695 604 741 nam
625 674 710 741 boec
732 678 842 742 omnia
856 674 1030 743 Praetoris
1043 677 1200 763 decreto,
1221 697 1287 764 quo
1302 678 1471 746 satisdare

247 799 328 850 ”¹¹¹¹
405 796 501 863 lussit
527 798 705 883 Alienum,
733 801 792 863 aut
818 799 932 864 uerbis
965 817 1128 884 expressa
1156 805 1214 865 aut
1242 802 1346 867 tacite
1374 820 1470 868 eom-

405 919 573 1005 prehensa
593 938 634 986 ac
656 920 765 1004 palam
788 920 960 985 intellecta
985 921 1137 1007 fuerunt,
1165 920 1348 1008 eademque
1376 924 1468 988 nullo

403 1040 504 1105 dubio
525 1036 703 1127 Naeuiae,
726 1060 822 1125 quum
846 1042 983 1125 primum
1011 1043 1054 1107 ab
1083 1041 1211 1108 Alieno
1241 1043 1275 1107 in
1304 1043 1467 1109 bonorum

403 1162 618 1246 possessione
640 1159 924 1245 adprehendenda
944 1165 1008 1227 nim
1026 1183 1145 1248 passus
1159 1168 1250 1230 esset
1262 1158 1304 1249 ³),
1323 1165 1468 1230 aProe-

403 1286 496 1368 tore,
517 1282 580 1346 nisl
603 1279 780 1363 Quinctius
801 1283 943 1367 absens,
968 1284 1017 1351 uti
1039 1288 1230 1371 oporteret,
1259 1286 1380 1352 iudicio
1402 1287 1468 1351 de-

402 1404 616 1489 fenderetur,
638 1405 869 1489 postulauerst
897 1408 999 1490 atque
1021 1425 1082 1490 pro
1105 1408 1290 1474 certissimo
1311 1426 1373 1472 suo
1394 1409 1468 1473 lure

374 1528 563 1625 'acerrime
591 1524 823 1614 dagitsueratt
858 1525 947 1591 unde
975 1526 1056 1595 illud
1087 1547 1219 1614 quoque
1250 1524 1467 1618 intelligitur,

403 1646 490 1732 quod
513 1646 641 1712 Tullius
663 1649 696 1710 in
719 1666 748 1713 c.
769 1646 815 1731 7.,
846 1666 884 1713 re
912 1649 948 1713 in
973 1648 1129 1714 inuidiam
1155 1669 1271 1736 uersa,
1304 1650 1466 1717 Naeuium

401 1770 568 1835 insimulat
590 1772 692 1854 caput
714 1773 832 1854 petere
853 1768 942 1834 baud
964 1767 1103 1835 desiisse
1112 1763 1145 1849 ⁴).

463 1887 615 1974 Alfenus
650 1891 761 1955 antem
794 1889 884 1975 apud
918 1890 1114 1957 Praetorem
1150 1893 1393 1979 contenderat,
1428 1898 1466 1957 ut

401 2014 572 2078 absentem
595 2008 785 2093 Quinctium
807 2015 880 2078 sine
908 2012 1133 2079 satisdatione
1161 2010 1344 2105 defendere
1371 2014 1466 2080 eius-

401 2153 466 2219 que
487 2135 618 2197 nomine
640 2131 793 2197 iudicium
823 2135 977 2218 accipere
996 2135 1068 2207 ,sibl
1095 2135 1232 2218 liceret,
1263 2154 1369 2220 eoque
1400 2135 1466 2200 de-

400 2255 553 2321 fensione
575 2255 718 2338 probata
738 2250 900 2322 Naeuiae
921 2256 964 2321 de
990 2253 1146 2338 Qutacttt
1172 2255 1271 2322 boetio
1298 2256 1465 2343 decedere

399 2376 586 2443 baberetur.

463 2495 562 2579 Quod
584 2517 682 2584 quum
702 2494 847 2563 Praetor
869 2496 1090 2587 denegasset,
1119 2500 1296 2585 quinetiam
1322 2517 1465 2584 posses-

399 2623 526 2685 sionem
559 2620 741 2704 bonorum,
776 2619 841 2683 nisi
873 2619 1038 2685 satisdato
1074 2624 1274 2705 procurator
1309 2619 1463 2687 iudicium

399 2743 587 2825 acciperet,
622 2741 760 2807 decreto
788 2760 851 2829 suo
881 2741 1127 2825 confirmasset,
1159 2741 1350 2828 tuendaque
1380 2761 1464 2827 pos-

399 2862 526 2929 sessori
548 2865 700 2948 paratum
721 2880 798 2929 sese
828 2861 1046 2928 ostendisset:
1083 2866 1150 2928 tum
1180 2863 1340 2949 Alienus,
1375 2864 1486 2930 sicut,

398 2987 463 3049 tam
487 2988 589 3049 antea
616 2984 739 3050 dictum
767 2986 838 3069 est,
867 2985 1019 3050 tribunos
1047 2985 1092 3070 pt.
1118 2985 1318 3071 appellauit,
1350 2987 1406 3069 qul
1430 2989 1463 3050 at

400 3111 551 3190 certum,
572 3105 661 3191 quod
682 3106 879 3192 petebatur,
900 3105 1075 3171 actatttum
1096 3097 1310 3189 tuttsceot⁵],
1332 3105 1363 3169 b.
1381 3124 1410 3170 e.
1431 3106 1461 3172 sl

399 3225 563 3323 aduersus
583 3225 758 3293 Praetoris
784 3226 849 3291 uim
878 3243 918 3291 ac
946 3228 1147 3310 potestatem
1174 3225 1303 3292 Naeuio
1325 3244 1461 3292 accom-

399 3324 594 3414 modandam
615 3347 741 3413 auxilio
763 3365 801 3413 se
823 3346 897 3411 fore
919 3346 1211 3432 pronunciassent,
1233 3365 1290 3412 res
1312 3366 1352 3414 eo
1377 3367 1460 3436 per-

400 3470 502 3537 ducta
522 3469 658 3554 fuisset,
690 3472 727 3533 ut
752 3469 885 3553 impune
914 3466 1063 3534 Naeuius
1084 3486 1157 3534 cum
1179 3468 1222 3534 dc
1244 3472 1460 3554 possessione

397 3590 599 3658 deiiceretur
629 3594 697 3655 tum
731 3591 775 3657 ub
804 3586 1090 3675 adprehendenda
1118 3590 1317 3676 reliquorum
1350 3609 1460 3657 rerum

344 3764 355 3789 .
398 3714 614 3799 possessione
638 3714 870 3799 repelleretur.

460 3835 512 3902 Ne
527 3834 637 3922 pluro,
651 3836 862 3921 perspicuum
877 3837 947 3922 est,
963 3833 1087 3921 quoda
1102 3836 1265 3921 principio
1281 3836 1460 3921 posuimus,

433 4159 462 4225 3)
480 4161 558 4213 Comi.
577 4177 603 4214 c,
615 4161 641 4212 b.
658 4163 700 4213 19.
714 4163 758 4212 20.
773 4162 817 4212 22.
831 4165 897 4211 extr.
990 4157 1022 4225 b)
1039 4174 1064 4211 e.
1078 4160 1104 4211 7.
1124 4165 1208 4220 extr..
1230 4158 1307 4237 cuius
1325 4160 1380 4210 loci
1399 4173 1459 4209 uer·

396 4251 459 4313 29„
478 4257 504 4302 et
525 4265 605 4315 supra
624 4248 653 4313 δ.
668 4253 695 4301 7.
717 4265 743 4316 p.
760 4249 820 4300 tet.
956 4250 989 4300 ba
1013 4250 1098 4300 babet
1115 4262 1204 4313 'supra
1228 4245 1256 4311 ὅ.
1282 4248 1309 4299 ’1.
1332 4252 1388 4299 not.
1412 4246 1456 4298 28.

318 4400 323 4411 ,
431 4336 897 4406 t)Vidosupra§.'l.not.tll.p.1tld.
955 4352 980 4405 p.
1001 4337 1061 4389 126.
1145 4388 1147 4403 ,
