3310 5280
417 500 479 562 182
520 494 614 597 Cep.
641 496 677 570 1.
729 494 790 570 De
815 498 901 571 iure
926 517 1088 570 censens
1116 493 1379 582 Quinctianae.

248 699 394 798 Pfflss.
414 691 505 755 nuila
537 691 630 755 esset
663 689 834 770 societas,
870 688 900 751 is
931 691 1046 753 socier
1094 689 1204 751 tamen
1246 688 1291 753 nb
1325 692 1476 774 emptore

249 815 297 854 ’Μ
413 807 602 878 ederetur?

475 933 578 999 nimi
596 931 745 996 sonasse
766 931 901 1015 aliquos,
932 931 967 994 m
994 930 1150 1015 publius,
1184 949 1269 1017 quoe
1290 914 1360 997 neri
1381 935 1476 997 soie.

412 1058 506 1139 reni,
542 1052 790 1119 uenditiomibus
819 1055 919 1136 atque
942 1052 1164 1119 locationibus
1185 1055 1267 1120 socii
1297 1053 1477 1120 editionem

412 1195 656 1262 nonnumquam
677 1175 711 1240 id
733 1195 831 1240 unum
852 1179 1038 1260 spectasse,
1059 1177 1097 1239 ut
1118 1173 1160 1240 de
1183 1178 1292 1261 pretio
1314 1195 1370 1241 res
1390 1195 1476 1242 osu-

413 1303 480 1366 tior
507 1304 599 1364 esset
625 1298 844 1383 reipubiiese3
875 1298 1001 1362 socium
1030 1297 1134 1382 igitur
1161 1315 1223 1380 pro
1249 1298 1380 1379 praede
1408 1299 1476 1362 ali-

414 1421 546 1507 quando
568 1423 626 1485 aut
647 1438 812 1503 sponsore
834 1420 988 1485 cessisse.
1041 1418 1117 1485 Hoe
1138 1437 1242 1507 uero,
1278 1438 1475 1505 quacunque

413 1544 639 1625 seueritate,
668 1540 711 1606 sd
740 1541 885 1625 speeiem
915 1543 1118 1624 propositam
1146 1541 1232 1606 lueis
1252 1540 1333 1605 nihii
1353 1542 1475 1606 afferre

413 1667 537 1749 potest.
590 1660 672 1744 Quis
694 1664 778 1728 enim
801 1663 863 1728 sibi
886 1661 1116 1751 persuadebit,
1138 1662 1319 1752 Naeuium,
1341 1665 1474 1750 gratio-

412 1805 484 1852 sum
516 1803 557 1853 ae
595 1784 746 1868 diuitem,
780 1784 936 1850 nobilium
966 1784 1263 1869 opulentorumque
1295 1785 1474 1851 amicorum

413 1908 509 1993 eopia
530 1905 737 1994 effluentem,
760 1904 925 1971 aditurum
951 1905 1055 1971 inisse
1077 1902 1286 1992 Quinotium,
1314 1905 1474 1972 aifliotum

413 2030 541 2113 sibique
561 2028 733 2115 infestum,
755 2030 969 2117 rogaturum,
990 2030 1027 2092 ut
1051 2029 1168 2112 queuis
1189 2029 1317 2117 negotii
1331 2026 1475 2117 gerendi

413 2151 519 2216 forma
543 2150 691 2239 figuraue
714 2151 808 2234 quasi
830 2147 965 2233 praedis
995 2151 1102 2214 uicem
1124 2168 1185 2234 pro
1207 2167 1245 2214 se
1266 2152 1474 2236 susciperet,

413 2274 702 2357 permitteretque,
737 2275 799 2356 ut,
831 2289 895 2355 que
926 2272 1058 2336 cautius
1090 2270 1257 2336 uenditori
1290 2269 1332 2335 de
1364 2273 1474 2355 pretio

413 2396 521 2479 esset,
543 2394 655 2459 socius
675 2395 749 2477 ipse
770 2393 805 2456 in
826 2393 923 2457 bonis
945 2390 1093 2457 emendis
1115 2383 1298 2458 ederetur?

476 2513 565 2597 Quid
593 2533 676 2604 ergo
711 2505 792 2581 est?
838 2513 1047 2595 Videndum,
1074 2532 1117 2578 ne
1152 2517 1211 2578 sut
1246 2517 1280 2578 im
1309 2512 1474 2598 praediis,

407 2657 498 2726 „quae
527 2656 570 2703 ex
600 2639 740 2723 pristina
769 2638 933 2702 societate
962 2635 1327 2721 commonefactum,
1360 2636 1475 2702 subsi-

412 2753 601 2848 gnandis³²i
623 2758 770 2841 Quinctii
793 2762 957 2843 tamquam
979 2759 1061 2823 socii
1084 2775 1203 2822 nomen
1232 2757 1408 2842 protessus
1429 2758 1474 2821 sit

412 2881 577 2967 Naeuius,
599 2883 657 2946 aut
678 2881 762 2945 alias
776 2877 860 2944 diois
882 2896 1002 2944 caussa
1020 2877 1173 2958 Quintetii
1189 2883 1338 2968 eoettmee
1353 2896 1473 2943 nomen

412 3002 456 3068 ad
477 3004 611 3068 tabulas
632 3003 783 3088 publicas
805 3000 972 3065 detulerit.
1015 2997 1102 3081 Quid
1130 2992 1262 3065 mults?
1301 2998 1474 3064 Eiusmodi

412 3124 535 3209 aliquid
568 3127 626 3188 aut
655 3124 787 3208 publico
814 3124 942 3187 illarum
964 3120 1190 3187 uenditionum
1213 3125 1284 3186 iure
1305 3128 1363 3186 aut
1385 3123 1474 3186 inter

412 3241 571 3312 Sullanas
586 3250 678 3311 certe
693 3246 958 3329 proscriptiones
973 3262 1150 3329 eorumque
1166 3247 1349 3328 temporum
1364 3244 1473 3309 lieen-

412 3368 491 3430 tiam
527 3384 567 3433 ac
596 3367 879 3452 perturbationem
909 3386 971 3431 usu
1004 3368 1120 3431 uenire
1152 3367 1322 3450 potuisse,
1364 3383 1472 3449 neque

410 3489 510 3554 uilam
539 3490 572 3552 in
602 3506 643 3552 ea
669 3506 706 3553 re
736 3485 883 3569 Quinctii
905 3506 1024 3552 nouam
1047 3488 1242 3554 societatem
1265 3489 1472 3552 contractam

445 3815 707 3879 amnemamnem
730 3816 789 3865 eius
813 3816 853 3867 rei
871 3829 913 3866 rs·
969 3816 1020 3865 teri
1037 3812 1188 3866 Annalibus
1212 3814 1291 3865 Tem.
1311 3814 1343 3865 V.
1363 3829 1391 3879 p.
1409 3814 1470 3867 005.

410 3907 500 3967 tione,
527 3904 562 3955 ad
585 3919 667 3970 quam
695 3906 723 3954 in
749 3905 804 3954 alio
831 3903 913 3954 Seme-
969 3918 995 3967 p.
1015 3903 1077 3953 612.
1097 3902 1189 3967 seqq.)
1226 3903 1300 3955 Caua
1316 3906 1472 3955 iameaboo

409 3996 506 4044 sirium
529 4000 682 4044 nostrorum
706 3994 778 4043 libro
801 3995 912 4057 propius
968 3991 1029 4042 loeo
1053 4005 1088 4042 ne
1117 4006 1213 4055 parum
1237 3993 1393 4044 consideres
1413 3994 1472 4044 Sui·

410 4083 624 4147 adgrediendum
654 4083 721 4142 erit,
751 4082 833 4132 adeas
860 4084 912 4132 lin·
968 4080 1093 4130 lanarum
1126 4082 1354 4144 proscriptionum
1377 4081 1472 4131 uendi·

410 4172 535 4238 dorsfium
562 4173 594 4221 de
623 4172 677 4234 lepe
705 4171 804 4220 Tborte
835 4168 914 4234 (Zen-
969 4170 1128 4232 tionumque
1148 4170 1370 4233 trepidationem,
1396 4170 1472 4220 deni·

410 4261 507 4312 sehriii
523 4260 542 4311 i.
562 4259 654 4323 geseb.
675 4260 707 4308 ii.
721 4258 766 4310 W.
782 4259 860 4308 Tem.
876 4260 910 4310 X.
969 4271 1022 4322 que
1042 4259 1165 4308 omnium
1188 4271 1289 4320 rernm,
1317 4272 1388 4324 quae
1406 4265 1472 4309 tuno

412 4368 438 4417 p.
459 4352 534 4407 123.)
558 4356 586 4400 et
601 4345 763 4399 Husebbinm
781 4346 821 4411 (in
838 4347 913 4398 dieb·
968 4347 1033 4408 iaii,
1058 4349 1297 4412 perturbationem.
