<?xml version="1.0" encoding="UTF-8"?>
<!DOCTYPE html PUBLIC "-//W3C//DTD XHTML 1.0 Transitional//EN"
    "http://www.w3.org/TR/xhtml1/DTD/xhtml1-transitional.dtd">
<html xmlns="http://www.w3.org/1999/xhtml" xml:lang="en" lang="en">
 <head>
  <title>
</title>
<meta http-equiv="Content-Type" content="text/html;charset=utf-8" />
  <meta name='ocr-system' content='tesseract 3.04.00' />
  <meta name='ocr-capabilities' content='ocr_page ocr_carea ocr_par ocr_line ocrx_word'/>
</head>
<body>
  <div class='ocr_page' id='page_1' title='image "./semestriumadmtu01kellgoog_0200.png"; bbox 0 0 3310 5280; ppageno 0'>
   <div class='ocr_carea' id='block_1_1' title="bbox 240 507 1249 615">
    <p class='ocr_par' dir='ltr' id='par_1_1' title="bbox 240 507 1249 615">
     <span class='ocr_line' id='line_1_1' title="bbox 240 507 1249 615; baseline 0.004 -31"><span class='ocrx_word' id='word_1_1' title='bbox 240 523 278 600; x_wconf 76' lang='lat' dir='ltr'><strong>s.</strong></span> <span class='ocrx_word' id='word_1_2' title='bbox 304 512 342 583; x_wconf 89' lang='lat'><strong>9.</strong></span> <span class='ocrx_word' id='word_1_3' title='bbox 377 507 557 610; x_wconf 78' lang='lat' dir='ltr'><strong>Deformio</strong></span> <span class='ocrx_word' id='word_1_4' title='bbox 583 514 625 583; x_wconf 83' lang='lat' dir='ltr'><strong>io</strong></span> <span class='ocrx_word' id='word_1_5' title='bbox 648 519 781 610; x_wconf 76' lang='lat' dir='ltr'><strong>portos</strong></span> <span class='ocrx_word' id='word_1_6' title='bbox 807 514 978 614; x_wconf 74' lang='lat' dir='ltr'><em>locosque</em></span> <span class='ocrx_word' id='word_1_7' title='bbox 1003 512 1160 615; x_wconf 79' lang='lat' dir='ltr'><strong>diqosto.</strong></span> <span class='ocrx_word' id='word_1_8' title='bbox 1191 515 1249 578; x_wconf 84' lang='lat'><strong>181</strong></span> 
     </span>
    </p>
   </div>
   <div class='ocr_carea' id='block_1_2' title="bbox 185 700 1408 3216">
    <p class='ocr_par' dir='ltr' id='par_1_2' title="bbox 187 700 1408 1861">
     <span class='ocr_line' id='line_1_2' title="bbox 189 700 1408 810; baseline 0.002 -45"><span class='ocrx_word' id='word_1_9' title='bbox 189 703 226 765; x_wconf 95' lang='lat' dir='ltr'><strong>ut</strong></span> <span class='ocrx_word' id='word_1_10' title='bbox 252 702 307 764; x_wconf 90' lang='lat' dir='ltr'><strong>uei</strong></span> <span class='ocrx_word' id='word_1_11' title='bbox 334 700 411 766; x_wconf 91' lang='lat' dir='ltr'><strong>inde</strong></span> <span class='ocrx_word' id='word_1_12' title='bbox 441 701 548 786; x_wconf 88' lang='lat' dir='ltr'><strong>quiuis</strong></span> <span class='ocrx_word' id='word_1_13' title='bbox 577 700 721 766; x_wconf 79' lang='lat' dir='ltr'><strong>&#39;l&#39;uiliani</strong></span> <span class='ocrx_word' id='word_1_14' title='bbox 751 704 851 767; x_wconf 88' lang='lat' dir='ltr'><strong>moris</strong></span> <span class='ocrx_word' id='word_1_15' title='bbox 879 702 1090 770; x_wconf 73' lang='lat' dir='ltr'><strong>mediocriter</strong></span> <span class='ocrx_word' id='word_1_16' title='bbox 1121 702 1252 790; x_wconf 91' lang='lat' dir='ltr'><strong>quidem</strong></span> <span class='ocrx_word' id='word_1_17' title='bbox 1269 714 1408 810; x_wconf 48' lang='lat' dir='ltr'><strong>Pir-Mum</strong></span> 
     </span>
     <span class='ocr_line' id='line_1_3' title="bbox 188 821 1318 912; baseline 0.001 -26"><span class='ocrx_word' id='word_1_18' title='bbox 188 841 317 912; x_wconf 79' lang='lat' dir='ltr'><strong>gnarus</strong></span> <span class='ocrx_word' id='word_1_19' title='bbox 338 823 438 888; x_wconf 86' lang='lat' dir='ltr'><strong>iaciie</strong></span> <span class='ocrx_word' id='word_1_20' title='bbox 459 823 645 911; x_wconf 78' lang='lat' dir='ltr'><strong>intelligat,</strong></span> <span class='ocrx_word' id='word_1_21' title='bbox 680 821 762 888; x_wconf 92' lang='lat' dir='ltr'><strong>nihii</strong></span> <span class='ocrx_word' id='word_1_22' title='bbox 790 841 861 888; x_wconf 89' lang='lat' dir='ltr'><strong>eam</strong></span> <span class='ocrx_word' id='word_1_23' title='bbox 890 824 934 889; x_wconf 87' lang='lat' dir='ltr'><strong>ad</strong></span> <span class='ocrx_word' id='word_1_24' title='bbox 955 842 1106 891; x_wconf 78' lang='lat' dir='ltr'><strong>caussam</strong></span> <span class='ocrx_word' id='word_1_25' title='bbox 1127 826 1249 892; x_wconf 87' lang='lat' dir='ltr'><strong>indici·</strong></span> <span class='ocrx_word' id='word_1_26' title='bbox 1269 828 1318 867; x_wconf 65' lang='lat'><strong>⁶1¹¹·-</strong></span> 
     </span>
     <span class='ocr_line' id='line_1_4' title="bbox 188 926 1250 1031; baseline 0.003 -22"><span class='ocrx_word' id='word_1_27' title='bbox 188 962 306 1028; x_wconf 87' lang='lat' dir='ltr'><strong>umque</strong></span> <span class='ocrx_word' id='word_1_28' title='bbox 328 945 452 1009; x_wconf 82' lang='lat' dir='ltr'><strong>ualere.</strong></span> <span class='ocrx_word' id='word_1_29' title='bbox 493 941 618 1029; x_wconf 78' lang='lat' dir='ltr'>Utique</span> <span class='ocrx_word' id='word_1_30' title='bbox 639 946 674 1008; x_wconf 90' lang='lat' dir='ltr'><strong>in</strong></span> <span class='ocrx_word' id='word_1_31' title='bbox 690 926 906 1012; x_wconf 52' lang='lat' dir='ltr'><strong>‘cauillatione</strong></span> <span class='ocrx_word' id='word_1_32' title='bbox 920 947 1095 1012; x_wconf 85' lang='lat' dir='ltr'><strong>uerborum</strong></span> <span class='ocrx_word' id='word_1_33' title='bbox 1113 967 1250 1031; x_wconf 84' lang='lat' dir='ltr'><strong>permu-</strong></span> 
     </span>
     <span class='ocr_line' id='line_1_5' title="bbox 189 1065 1250 1151; baseline 0 -20"><span class='ocrx_word' id='word_1_34' title='bbox 189 1065 365 1151; x_wconf 89' lang='lat' dir='ltr'><strong>tandisque</strong></span> <span class='ocrx_word' id='word_1_35' title='bbox 396 1067 496 1133; x_wconf 90' lang='lat' dir='ltr'><strong>rebus</strong></span> <span class='ocrx_word' id='word_1_36' title='bbox 529 1068 617 1131; x_wconf 91' lang='lat' dir='ltr'><strong>inter</strong></span> <span class='ocrx_word' id='word_1_37' title='bbox 648 1086 686 1133; x_wconf 88' lang='lat' dir='ltr'><strong>se</strong></span> <span class='ocrx_word' id='word_1_38' title='bbox 722 1067 957 1133; x_wconf 88' lang='lat' dir='ltr'><strong>diuersissimis</strong></span> <span class='ocrx_word' id='word_1_39' title='bbox 987 1070 1016 1132; x_wconf 88' lang='lat' dir='ltr'><strong>is</strong></span> <span class='ocrx_word' id='word_1_40' title='bbox 1049 1070 1144 1135; x_wconf 86' lang='lat' dir='ltr'><strong>iocus</strong></span> <span class='ocrx_word' id='word_1_41' title='bbox 1171 1068 1250 1132; x_wconf 89' lang='lat' dir='ltr'><strong>mihi</strong></span> 
     </span>
     <span class='ocr_line' id='line_1_6' title="bbox 188 1187 1249 1273; baseline 0.002 -20"><span class='ocrx_word' id='word_1_42' title='bbox 188 1187 321 1253; x_wconf 88' lang='lat' dir='ltr'><strong>uidetur</strong></span> <span class='ocrx_word' id='word_1_43' title='bbox 342 1191 434 1253; x_wconf 90' lang='lat' dir='ltr'><strong>totus</strong></span> <span class='ocrx_word' id='word_1_44' title='bbox 456 1190 595 1253; x_wconf 85' lang='lat' dir='ltr'><strong>uersari.</strong></span> <span class='ocrx_word' id='word_1_45' title='bbox 648 1187 732 1253; x_wconf 90' lang='lat' dir='ltr'><strong>Nam</strong></span> <span class='ocrx_word' id='word_1_46' title='bbox 763 1189 852 1273; x_wconf 90' lang='lat' dir='ltr'><strong>quod</strong></span> <span class='ocrx_word' id='word_1_47' title='bbox 873 1192 907 1252; x_wconf 93' lang='lat' dir='ltr'><strong>in</strong></span> <span class='ocrx_word' id='word_1_48' title='bbox 935 1189 1138 1254; x_wconf 87' lang='lat' dir='ltr'><strong>uenditionis</strong></span> <span class='ocrx_word' id='word_1_49' title='bbox 1161 1191 1249 1255; x_wconf 86' lang='lat' dir='ltr'><strong>iilius</strong></span> 
     </span>
     <span class='ocr_line' id='line_1_7' title="bbox 188 1310 1249 1399; baseline 0.003 -26"><span class='ocrx_word' id='word_1_50' title='bbox 188 1311 341 1394; x_wconf 87' lang='lat' dir='ltr'><strong>publicae</strong></span> <span class='ocrx_word' id='word_1_51' title='bbox 370 1310 492 1397; x_wconf 83' lang='lat' dir='ltr'><strong>forma,</strong></span> <span class='ocrx_word' id='word_1_52' title='bbox 527 1310 730 1379; x_wconf 79' lang='lat' dir='ltr'><strong>solennitate</strong></span> <span class='ocrx_word' id='word_1_53' title='bbox 757 1315 888 1399; x_wconf 83' lang='lat' dir='ltr'><strong>rituque</strong></span> <span class='ocrx_word' id='word_1_54' title='bbox 916 1311 1117 1378; x_wconf 90' lang='lat' dir='ltr'><strong>celebrando</strong></span> <span class='ocrx_word' id='word_1_55' title='bbox 1139 1313 1249 1376; x_wconf 89' lang='lat' dir='ltr'><strong>inter-</strong></span> 
     </span>
     <span class='ocr_line' id='line_1_8' title="bbox 187 1423 1249 1509; baseline -0.008 -14"><span class='ocrx_word' id='word_1_56' title='bbox 187 1434 321 1497; x_wconf 88' lang='lat' dir='ltr'><strong>uenisse</strong></span> <span class='ocrx_word' id='word_1_57' title='bbox 351 1430 484 1496; x_wconf 89' lang='lat' dir='ltr'><strong>uidetur</strong></span> <span class='ocrx_word' id='word_1_58' title='bbox 514 1449 587 1496; x_wconf 92' lang='lat' dir='ltr'><strong>eum</strong></span> <span class='ocrx_word' id='word_1_59' title='bbox 615 1432 697 1494; x_wconf 86' lang='lat' dir='ltr'><strong>socii</strong></span> <span class='ocrx_word' id='word_1_60' title='bbox 720 1431 786 1492; x_wconf 92' lang='lat' dir='ltr'><strong>tum</strong></span> <span class='ocrx_word' id='word_1_61' title='bbox 819 1424 965 1506; x_wconf 80' lang='lat' dir='ltr'><strong>Quinctii</strong></span> <span class='ocrx_word' id='word_1_62' title='bbox 993 1444 1130 1509; x_wconf 81' lang='lat' dir='ltr'><strong>nomen,</strong></span> <span class='ocrx_word' id='word_1_63' title='bbox 1160 1423 1193 1488; x_wconf 89' lang='lat' dir='ltr'><strong>id</strong></span> <span class='ocrx_word' id='word_1_64' title='bbox 1216 1426 1249 1487; x_wconf 92' lang='lat' dir='ltr'><strong>in</strong></span> 
     </span>
     <span class='ocr_line' id='line_1_9' title="bbox 187 1545 1250 1629; baseline -0.006 -13"><span class='ocrx_word' id='word_1_65' title='bbox 187 1554 407 1618; x_wconf 86' lang='lat' dir='ltr'><strong>uoluntariam</strong></span> <span class='ocrx_word' id='word_1_66' title='bbox 436 1555 524 1617; x_wconf 89' lang='lat' dir='ltr'><strong>inter</strong></span> <span class='ocrx_word' id='word_1_67' title='bbox 559 1550 720 1616; x_wconf 85' lang='lat' dir='ltr'><strong>Naeuium</strong></span> <span class='ocrx_word' id='word_1_68' title='bbox 754 1552 788 1614; x_wconf 90' lang='lat' dir='ltr'><strong>et</strong></span> <span class='ocrx_word' id='word_1_69' title='bbox 820 1545 1009 1629; x_wconf 79' lang='lat' dir='ltr'><strong>Quinctium</strong></span> <span class='ocrx_word' id='word_1_70' title='bbox 1039 1545 1250 1613; x_wconf 87' lang='lat' dir='ltr'><strong>emendorum</strong></span> 
     </span>
     <span class='ocr_line' id='line_1_10' title="bbox 187 1668 1250 1753; baseline -0.005 -17"><span class='ocrx_word' id='word_1_71' title='bbox 187 1675 316 1740; x_wconf 88' lang='lat' dir='ltr'><strong>iliorum</strong></span> <span class='ocrx_word' id='word_1_72' title='bbox 349 1675 510 1739; x_wconf 88' lang='lat' dir='ltr'><strong>bonorum</strong></span> <span class='ocrx_word' id='word_1_73' title='bbox 543 1676 739 1738; x_wconf 88' lang='lat' dir='ltr'><strong>societatem</strong></span> <span class='ocrx_word' id='word_1_74' title='bbox 771 1672 896 1735; x_wconf 80' lang='lat' dir='ltr'><strong>furtiua</strong></span> <span class='ocrx_word' id='word_1_75' title='bbox 929 1668 1069 1753; x_wconf 86' lang='lat' dir='ltr'><strong>quadam</strong></span> <span class='ocrx_word' id='word_1_76' title='bbox 1097 1669 1250 1733; x_wconf 87' lang='lat' dir='ltr'><strong>insinua-</strong></span> 
     </span>
     <span class='ocr_line' id='line_1_11' title="bbox 187 1792 779 1861; baseline -0.007 -1"><span class='ocrx_word' id='word_1_77' title='bbox 187 1798 278 1860; x_wconf 84' lang='lat' dir='ltr'><strong>tione</strong></span> <span class='ocrx_word' id='word_1_78' title='bbox 301 1798 416 1860; x_wconf 90' lang='lat' dir='ltr'><strong>orator</strong></span> <span class='ocrx_word' id='word_1_79' title='bbox 438 1797 635 1861; x_wconf 89' lang='lat' dir='ltr'><strong>conuertere</strong></span> <span class='ocrx_word' id='word_1_80' title='bbox 657 1792 779 1857; x_wconf 87' lang='lat' dir='ltr'><strong>studet.</strong></span> 
     </span>
    </p>

    <p class='ocr_par' dir='ltr' id='par_1_3' title="bbox 185 1914 1249 3077">
     <span class='ocr_line' id='line_1_12' title="bbox 238 1914 1249 2001; baseline -0.004 -19"><span class='ocrx_word' id='word_1_81' title='bbox 238 1918 313 1982; x_wconf 49' lang='lat' dir='ltr'><strong>&gt;Est</strong></span> <span class='ocrx_word' id='word_1_82' title='bbox 343 1916 472 2001; x_wconf 89' lang='lat' dir='ltr'><strong>quidem</strong></span> <span class='ocrx_word' id='word_1_83' title='bbox 495 1915 697 1982; x_wconf 83' lang='lat' dir='ltr'><strong>incredibile</strong></span> <span class='ocrx_word' id='word_1_84' title='bbox 727 1914 956 2000; x_wconf 87' lang='lat' dir='ltr'><strong>hominumque</strong></span> <span class='ocrx_word' id='word_1_85' title='bbox 986 1915 1131 1979; x_wconf 89' lang='lat' dir='ltr'><strong>moribus</strong></span> <span class='ocrx_word' id='word_1_86' title='bbox 1163 1915 1249 1978; x_wconf 88' lang='lat' dir='ltr'><strong>alie-</strong></span> 
     </span>
     <span class='ocr_line' id='line_1_13' title="bbox 186 2028 1249 2125; baseline -0.01 -22"><span class='ocrx_word' id='word_1_87' title='bbox 186 2060 273 2123; x_wconf 87' lang='lat' dir='ltr'><strong>num,</strong></span> <span class='ocrx_word' id='word_1_88' title='bbox 287 2038 457 2125; x_wconf 83' lang='lat' dir='ltr'><strong>Naeuium,</strong></span> <span class='ocrx_word' id='word_1_89' title='bbox 470 2058 567 2122; x_wconf 91' lang='lat' dir='ltr'><strong>quum</strong></span> <span class='ocrx_word' id='word_1_90' title='bbox 584 2040 671 2103; x_wconf 83' lang='lat' dir='ltr'><strong>bona</strong></span> <span class='ocrx_word' id='word_1_91' title='bbox 686 2035 832 2118; x_wconf 74' lang='lat' dir='ltr'><strong>Quinctii</strong></span> <span class='ocrx_word' id='word_1_92' title='bbox 852 2053 895 2100; x_wconf 87' lang='lat' dir='ltr'><strong>ex</strong></span> <span class='ocrx_word' id='word_1_93' title='bbox 906 2033 1028 2099; x_wconf 80' lang='lat' dir='ltr'><strong>Edicto</strong></span> <span class='ocrx_word' id='word_1_94' title='bbox 1044 2028 1249 2117; x_wconf 84' lang='lat' dir='ltr'><strong>possideret,</strong></span> 
     </span>
     <span class='ocr_line' id='line_1_14' title="bbox 186 2151 1249 2229; baseline -0.009 -4"><span class='ocrx_word' id='word_1_95' title='bbox 186 2180 305 2225; x_wconf 88' lang='lat' dir='ltr'><strong>nouam</strong></span> <span class='ocrx_word' id='word_1_96' title='bbox 328 2162 427 2225; x_wconf 88' lang='lat' dir='ltr'><strong>uiiius</strong></span> <span class='ocrx_word' id='word_1_97' title='bbox 447 2162 497 2229; x_wconf 90' lang='lat' dir='ltr'><strong>rei</strong></span> <span class='ocrx_word' id='word_1_98' title='bbox 519 2162 713 2226; x_wconf 87' lang='lat' dir='ltr'><strong>societatem</strong></span> <span class='ocrx_word' id='word_1_99' title='bbox 736 2179 808 2225; x_wconf 91' lang='lat' dir='ltr'><strong>curn</strong></span> <span class='ocrx_word' id='word_1_100' title='bbox 831 2177 870 2222; x_wconf 91' lang='lat' dir='ltr'><strong>eo</strong></span> <span class='ocrx_word' id='word_1_101' title='bbox 897 2156 1118 2222; x_wconf 85' lang='lat' dir='ltr'><strong>contraxisse.</strong></span> <span class='ocrx_word' id='word_1_102' title='bbox 1159 2151 1249 2217; x_wconf 85' lang='lat' dir='ltr'><strong>Nihil</strong></span> 
     </span>
     <span class='ocr_line' id='line_1_15' title="bbox 185 2275 1249 2371; baseline -0.008 -24"><span class='ocrx_word' id='word_1_103' title='bbox 185 2275 393 2371; x_wconf 72' lang='lat' dir='ltr'><strong>repugno29).</strong></span> <span class='ocrx_word' id='word_1_104' title='bbox 447 2282 496 2347; x_wconf 86' lang='lat' dir='ltr'><strong>At</strong></span> <span class='ocrx_word' id='word_1_105' title='bbox 525 2301 568 2347; x_wconf 89' lang='lat' dir='ltr'><strong>ne</strong></span> <span class='ocrx_word' id='word_1_106' title='bbox 597 2284 669 2366; x_wconf 86' lang='lat' dir='ltr'><strong>ipse</strong></span> <span class='ocrx_word' id='word_1_107' title='bbox 705 2279 836 2366; x_wconf 87' lang='lat' dir='ltr'><strong>quidem</strong></span> <span class='ocrx_word' id='word_1_108' title='bbox 858 2280 994 2361; x_wconf 82' lang='lat' dir='ltr'><strong>Cicero,</strong></span> <span class='ocrx_word' id='word_1_109' title='bbox 1025 2278 1088 2347; x_wconf 88' lang='lat' dir='ltr'><strong>nisi</strong></span> <span class='ocrx_word' id='word_1_110' title='bbox 1110 2275 1249 2357; x_wconf 85' lang='lat' dir='ltr'><strong>delapsa</strong></span> 
     </span>
     <span class='ocr_line' id='line_1_16' title="bbox 186 2402 1247 2493; baseline -0.009 -24"><span class='ocrx_word' id='word_1_111' title='bbox 186 2403 229 2468; x_wconf 87' lang='lat' dir='ltr'><strong>ad</strong></span> <span class='ocrx_word' id='word_1_112' title='bbox 251 2424 320 2469; x_wconf 92' lang='lat' dir='ltr'><strong>rem</strong></span> <span class='ocrx_word' id='word_1_113' title='bbox 335 2402 524 2493; x_wconf 81' lang='lat' dir='ltr'><strong>augendam</strong></span> <span class='ocrx_word' id='word_1_114' title='bbox 542 2404 705 2488; x_wconf 84' lang='lat' dir='ltr'><strong>oratione,</strong></span> <span class='ocrx_word' id='word_1_115' title='bbox 727 2402 886 2486; x_wconf 84' lang='lat' dir='ltr'><strong>affirmat,</strong></span> <span class='ocrx_word' id='word_1_116' title='bbox 907 2404 1141 2464; x_wconf 84' lang='lat' dir='ltr'><strong>incommune</strong></span> <span class='ocrx_word' id='word_1_117' title='bbox 1162 2414 1247 2461; x_wconf 85' lang='lat' dir='ltr'><strong>cou-</strong></span> 
     </span>
     <span class='ocr_line' id='line_1_17' title="bbox 186 2519 1248 2611; baseline -0.01 -21"><span class='ocrx_word' id='word_1_118' title='bbox 186 2530 370 2611; x_wconf 84' lang='lat' dir='ltr'><strong>iroctoque</strong></span> <span class='ocrx_word' id='word_1_119' title='bbox 386 2529 554 2591; x_wconf 79' lang='lat' dir='ltr'><strong>societate</strong></span> <span class='ocrx_word' id='word_1_120' title='bbox 574 2523 735 2588; x_wconf 90' lang='lat' dir='ltr'><strong>Naeuium</strong></span> <span class='ocrx_word' id='word_1_121' title='bbox 751 2542 823 2588; x_wconf 91' lang='lat' dir='ltr'><strong>curn</strong></span> <span class='ocrx_word' id='word_1_122' title='bbox 845 2520 1000 2602; x_wconf 80' lang='lat' dir='ltr'><strong>Quinctio</strong></span> <span class='ocrx_word' id='word_1_123' title='bbox 1022 2520 1137 2584; x_wconf 85' lang='lat' dir='ltr'><strong>Aifoni</strong></span> <span class='ocrx_word' id='word_1_124' title='bbox 1160 2519 1248 2582; x_wconf 85' lang='lat' dir='ltr'><strong>bona</strong></span> 
     </span>
     <span class='ocr_line' id='line_1_18' title="bbox 186 2631 1248 2715; baseline -0.007 -6"><span class='ocrx_word' id='word_1_125' title='bbox 186 2648 316 2710; x_wconf 87' lang='lat' dir='ltr'><strong>emisse.</strong></span> <span class='ocrx_word' id='word_1_126' title='bbox 370 2647 472 2709; x_wconf 90' lang='lat' dir='ltr'><strong>Immo</strong></span> <span class='ocrx_word' id='word_1_127' title='bbox 508 2647 574 2709; x_wconf 89' lang='lat' dir='ltr'><strong>tam</strong></span> <span class='ocrx_word' id='word_1_128' title='bbox 609 2647 643 2708; x_wconf 95' lang='lat' dir='ltr'><strong>in</strong></span> <span class='ocrx_word' id='word_1_129' title='bbox 677 2644 871 2709; x_wconf 85' lang='lat' dir='ltr'><strong>breuissima</strong></span> <span class='ocrx_word' id='word_1_130' title='bbox 900 2643 983 2707; x_wconf 87' lang='lat' dir='ltr'><strong>iacti</strong></span> <span class='ocrx_word' id='word_1_131' title='bbox 1011 2631 1248 2715; x_wconf 77' lang='lat' dir='ltr'><strong>narratione³⁰i</strong></span> 
     </span>
     <span class='ocr_line' id='line_1_19' title="bbox 187 2756 1248 2850; baseline -0.005 -20"><span class='ocrx_word' id='word_1_132' title='bbox 187 2785 282 2850; x_wconf 87' lang='lat' dir='ltr'><strong>quarn</strong></span> <span class='ocrx_word' id='word_1_133' title='bbox 315 2766 350 2829; x_wconf 92' lang='lat' dir='ltr'><strong>in</strong></span> <span class='ocrx_word' id='word_1_134' title='bbox 378 2765 466 2830; x_wconf 85' lang='lat' dir='ltr'><strong>finali</strong></span> <span class='ocrx_word' id='word_1_135' title='bbox 495 2784 603 2831; x_wconf 90' lang='lat' dir='ltr'><strong>rernm</strong></span> <span class='ocrx_word' id='word_1_136' title='bbox 633 2756 877 2849; x_wconf 79' lang='lat' dir='ltr'><strong>repetitione³¹i</strong></span> <span class='ocrx_word' id='word_1_137' title='bbox 903 2759 1128 2828; x_wconf 88' lang='lat' dir='ltr'><strong>tantummodo</strong></span> <span class='ocrx_word' id='word_1_138' title='bbox 1151 2759 1248 2843; x_wconf 87' lang='lat' dir='ltr'><strong>dicit,</strong></span> 
     </span>
     <span class='ocr_line' id='line_1_20' title="bbox 186 2879 1248 2963; baseline -0.008 -10"><span class='ocrx_word' id='word_1_139' title='bbox 186 2888 346 2953; x_wconf 88' lang='lat' dir='ltr'><strong>Naeuium</strong></span> <span class='ocrx_word' id='word_1_140' title='bbox 373 2890 407 2951; x_wconf 89' lang='lat' dir='ltr'><strong>in</strong></span> <span class='ocrx_word' id='word_1_141' title='bbox 434 2888 499 2951; x_wconf 90' lang='lat' dir='ltr'><strong>iiiis</strong></span> <span class='ocrx_word' id='word_1_142' title='bbox 521 2887 617 2953; x_wconf 86' lang='lat' dir='ltr'><strong>bonis</strong></span> <span class='ocrx_word' id='word_1_143' title='bbox 639 2885 786 2951; x_wconf 85' lang='lat' dir='ltr'><strong>emendis</strong></span> <span class='ocrx_word' id='word_1_144' title='bbox 808 2886 934 2951; x_wconf 88' lang='lat' dir='ltr'><strong>socium</strong></span> <span class='ocrx_word' id='word_1_145' title='bbox 961 2884 1110 2949; x_wconf 71' lang='lat' dir='ltr'><strong>edidisse</strong></span> <span class='ocrx_word' id='word_1_146' title='bbox 1140 2879 1248 2963; x_wconf 78' lang='lat' dir='ltr'><strong>Quin-</strong></span> 
     </span>
     <span class='ocr_line' id='line_1_21' title="bbox 186 3012 298 3077; baseline -0.027 0"><span class='ocrx_word' id='word_1_147' title='bbox 186 3012 298 3077; x_wconf 79' lang='lat' dir='ltr'><strong>etium.</strong></span> 
     </span>
    </p>

    <p class='ocr_par' dir='ltr' id='par_1_4' title="bbox 249 3129 1247 3216">
     <span class='ocr_line' id='line_1_22' title="bbox 249 3129 1247 3216; baseline -0.005 -20"><span class='ocrx_word' id='word_1_148' title='bbox 249 3132 429 3196; x_wconf 80' lang='lat' dir='ltr'><strong>Enimuero</strong></span> <span class='ocrx_word' id='word_1_149' title='bbox 463 3132 517 3216; x_wconf 91' lang='lat' dir='ltr'><strong>qui</strong></span> <span class='ocrx_word' id='word_1_150' title='bbox 557 3130 626 3195; x_wconf 85' lang='lat' dir='ltr'><strong>fieri</strong></span> <span class='ocrx_word' id='word_1_151' title='bbox 664 3131 788 3215; x_wconf 81' lang='lat' dir='ltr'><strong>potuit,</strong></span> <span class='ocrx_word' id='word_1_152' title='bbox 823 3132 860 3194; x_wconf 92' lang='lat' dir='ltr'><strong>ut</strong></span> <span class='ocrx_word' id='word_1_153' title='bbox 897 3131 1025 3214; x_wconf 85' lang='lat' dir='ltr'><strong>quicum</strong></span> <span class='ocrx_word' id='word_1_154' title='bbox 1058 3130 1164 3213; x_wconf 84' lang='lat' dir='ltr'><strong>ipsius</strong></span> <span class='ocrx_word' id='word_1_155' title='bbox 1198 3129 1247 3191; x_wconf 86' lang='lat' dir='ltr'><strong>rei</strong></span> 
     </span>
    </p>
   </div>
   <div class='ocr_carea' id='block_1_3' title="bbox 129 3390 689 4425">
    <p class='ocr_par' dir='ltr' id='par_1_5' title="bbox 184 3390 689 3799">
     <span class='ocr_line' id='line_1_23' title="bbox 219 3390 687 3453; baseline -0.002 -11"><span class='ocrx_word' id='word_1_156' title='bbox 219 3390 265 3448; x_wconf 77' lang='lat'><strong>29)</strong></span> <span class='ocrx_word' id='word_1_157' title='bbox 297 3390 389 3440; x_wconf 85' lang='lat' dir='ltr'><strong>Obiter</strong></span> <span class='ocrx_word' id='word_1_158' title='bbox 419 3391 687 3453; x_wconf 81' lang='lat' dir='ltr'><strong>animaduertomua,</strong></span> 
     </span>
     <span class='ocr_line' id='line_1_24' title="bbox 185 3461 686 3545; baseline -0.006 -15"><span class='ocrx_word' id='word_1_159' title='bbox 185 3480 257 3545; x_wconf 89' lang='lat' dir='ltr'><strong>quod</strong></span> <span class='ocrx_word' id='word_1_160' title='bbox 276 3476 361 3529; x_wconf 77' lang='lat' dir='ltr'><strong>Gutus</strong></span> <span class='ocrx_word' id='word_1_161' title='bbox 378 3479 459 3529; x_wconf 81' lang='lat' dir='ltr'><strong>habet</strong></span> <span class='ocrx_word' id='word_1_162' title='bbox 476 3480 504 3528; x_wconf 89' lang='lat' dir='ltr'><strong>in</strong></span> <span class='ocrx_word' id='word_1_163' title='bbox 524 3473 621 3529; x_wconf 73' lang='lat' dir='ltr'><strong>Conona.</strong></span> <span class='ocrx_word' id='word_1_164' title='bbox 636 3461 686 3528; x_wconf 84' lang='lat' dir='ltr'><strong>iil.</strong></span> 
     </span>
     <span class='ocr_line' id='line_1_25' title="bbox 184 3566 689 3631; baseline -0.008 -12"><span class='ocrx_word' id='word_1_165' title='bbox 184 3566 213 3631; x_wconf 65' lang='grc' dir='ltr'><strong>δ.</strong></span> <span class='ocrx_word' id='word_1_166' title='bbox 234 3569 295 3619; x_wconf 69' lang='grc'>154.</span> <span class='ocrx_word' id='word_1_167' title='bbox 333 3581 347 3613; x_wconf 91' lang='lat'>«</span> <span class='ocrx_word' id='word_1_168' title='bbox 354 3569 420 3617; x_wconf 84' lang='lat' dir='ltr'><strong>item</strong></span> <span class='ocrx_word' id='word_1_169' title='bbox 436 3569 460 3615; x_wconf 79' lang='lat' dir='ltr'><strong>si</strong></span> <span class='ocrx_word' id='word_1_170' title='bbox 478 3569 552 3617; x_wconf 77' lang='lat' dir='ltr'><strong>cuius</strong></span> <span class='ocrx_word' id='word_1_171' title='bbox 567 3582 599 3617; x_wconf 78' lang='lat' dir='ltr'><strong>cu</strong></span> <span class='ocrx_word' id='word_1_172' title='bbox 610 3569 689 3616; x_wconf 77' lang='lat' dir='ltr'><strong>sociis</strong></span> 
     </span>
     <span class='ocr_line' id='line_1_26' title="bbox 186 3656 689 3718; baseline 0.006 -15"><span class='ocrx_word' id='word_1_173' title='bbox 186 3657 274 3707; x_wconf 82' lang='lat' dir='ltr'><strong>«bono</strong></span> <span class='ocrx_word' id='word_1_174' title='bbox 297 3657 403 3718; x_wconf 77' lang='lat' dir='ltr'><strong>paetico</strong></span> <span class='ocrx_word' id='word_1_175' title='bbox 431 3660 478 3704; x_wconf 82' lang='lat' dir='ltr'><strong>out</strong></span> <span class='ocrx_word' id='word_1_176' title='bbox 496 3656 629 3717; x_wconf 81' lang='lat' dir='ltr'><strong>priuatim</strong></span> <span class='ocrx_word' id='word_1_177' title='bbox 646 3670 689 3706; x_wconf 83' lang='lat' dir='ltr'><strong>uo·</strong></span> 
     </span>
     <span class='ocr_line' id='line_1_27' title="bbox 185 3745 614 3799; baseline -0.007 -8"><span class='ocrx_word' id='word_1_178' title='bbox 185 3746 322 3799; x_wconf 66' lang='lat' dir='ltr'><strong>taurini,</strong></span> <span class='ocrx_word' id='word_1_179' title='bbox 342 3745 457 3794; x_wconf 77' lang='lat' dir='ltr'><strong>soluitur</strong></span> <span class='ocrx_word' id='word_1_180' title='bbox 476 3745 614 3794; x_wconf 76' lang='lat' dir='ltr'><strong>societas.»</strong></span> 
     </span>
    </p>

    <p class='ocr_par' dir='ltr' id='par_1_6' title="bbox 129 3831 689 4425">
     <span class='ocr_line' id='line_1_28' title="bbox 220 3831 688 3896; baseline -0.006 -13"><span class='ocrx_word' id='word_1_181' title='bbox 220 3833 266 3893; x_wconf 84' lang='grc'><strong>30)</strong></span> <span class='ocrx_word' id='word_1_182' title='bbox 284 3833 391 3896; x_wconf 80' lang='lat' dir='ltr'><strong>integra</strong></span> <span class='ocrx_word' id='word_1_183' title='bbox 409 3834 478 3882; x_wconf 82' lang='lat' dir='ltr'><strong>haec</strong></span> <span class='ocrx_word' id='word_1_184' title='bbox 506 3838 563 3882; x_wconf 83' lang='lat' dir='ltr'><strong>est:</strong></span> <span class='ocrx_word' id='word_1_185' title='bbox 594 3831 688 3881; x_wconf 80' lang='lat' dir='ltr'><strong>«Emi-</strong></span> 
     </span>
     <span class='ocr_line' id='line_1_29' title="bbox 186 3919 687 3971; baseline 0 -3"><span class='ocrx_word' id='word_1_186' title='bbox 186 3923 243 3970; x_wconf 76' lang='lat' dir='ltr'><strong>«sti</strong></span> <span class='ocrx_word' id='word_1_187' title='bbox 263 3922 334 3970; x_wconf 80' lang='lat' dir='ltr'><strong>bona</strong></span> <span class='ocrx_word' id='word_1_188' title='bbox 359 3920 419 3971; x_wconf 82' lang='lat' dir='ltr'><strong>Sar.</strong></span> <span class='ocrx_word' id='word_1_189' title='bbox 443 3920 534 3971; x_wconf 79' lang='lat' dir='ltr'><strong>Alieni</strong></span> <span class='ocrx_word' id='word_1_190' title='bbox 559 3919 588 3969; x_wconf 82' lang='lat' dir='ltr'><strong>L.</strong></span> <span class='ocrx_word' id='word_1_191' title='bbox 613 3920 687 3969; x_wconf 84' lang='lat' dir='ltr'><strong>Sutia</strong></span> 
     </span>
     <span class='ocr_line' id='line_1_30' title="bbox 187 4008 689 4059; baseline 0.008 -6"><span class='ocrx_word' id='word_1_192' title='bbox 187 4010 344 4059; x_wconf 76' lang='lat' dir='ltr'><strong>«Dictatore</strong></span> <span class='ocrx_word' id='word_1_193' title='bbox 377 4011 523 4059; x_wconf 86' lang='lat' dir='ltr'><strong>uendente.</strong></span> <span class='ocrx_word' id='word_1_194' title='bbox 579 4008 689 4059; x_wconf 86' lang='lat' dir='ltr'><strong>Sooium</strong></span> 
     </span>
     <span class='ocr_line' id='line_1_31' title="bbox 187 4094 687 4159; baseline 0.002 -16"><span class='ocrx_word' id='word_1_195' title='bbox 187 4098 257 4146; x_wconf 77' lang='lat' dir='ltr'><strong>«tihi</strong></span> <span class='ocrx_word' id='word_1_196' title='bbox 282 4098 310 4145; x_wconf 89' lang='lat' dir='ltr'><strong>in</strong></span> <span class='ocrx_word' id='word_1_197' title='bbox 338 4097 418 4145; x_wconf 82' lang='lat' dir='ltr'><strong>huius</strong></span> <span class='ocrx_word' id='word_1_198' title='bbox 443 4094 490 4159; x_wconf 81' lang='lat' dir='ltr'><strong>(ai.</strong></span> <span class='ocrx_word' id='word_1_199' title='bbox 521 4099 561 4147; x_wconf 79' lang='lat' dir='ltr'><strong>itis</strong></span> <span class='ocrx_word' id='word_1_200' title='bbox 579 4098 626 4148; x_wconf 87' lang='lat' dir='ltr'><strong>uei</strong></span> <span class='ocrx_word' id='word_1_201' title='bbox 642 4094 687 4159; x_wconf 79' lang='lat' dir='ltr'><strong>iis)</strong></span> 
     </span>
     <span class='ocr_line' id='line_1_32' title="bbox 188 4184 688 4246; baseline 0.008 -15"><span class='ocrx_word' id='word_1_202' title='bbox 188 4200 201 4231; x_wconf 82' lang='lat' dir='ltr'><strong>n</strong></span> <span class='ocrx_word' id='word_1_203' title='bbox 211 4186 289 4234; x_wconf 83' lang='lat' dir='ltr'><strong>bonis</strong></span> <span class='ocrx_word' id='word_1_204' title='bbox 302 4184 409 4234; x_wconf 82' lang='lat' dir='ltr'><strong>edidisti</strong></span> <span class='ocrx_word' id='word_1_205' title='bbox 421 4185 587 4246; x_wconf 85' lang='lat' dir='ltr'><strong>Quinotium.</strong></span> <span class='ocrx_word' id='word_1_206' title='bbox 607 4185 688 4236; x_wconf 83' lang='lat' dir='ltr'><strong>Pinru</strong></span> 
     </span>
     <span class='ocr_line' id='line_1_33' title="bbox 129 4273 689 4338; baseline 0.011 -19"><span class='ocrx_word' id='word_1_207' title='bbox 129 4330 132 4334; x_wconf 9' lang='grc' dir='ltr'><strong>λ</strong></span> <span class='ocrx_word' id='word_1_208' title='bbox 188 4287 265 4322; x_wconf 88' lang='lat' dir='ltr'><strong>«uon</strong></span> <span class='ocrx_word' id='word_1_209' title='bbox 290 4273 379 4322; x_wconf 74' lang='lat' dir='ltr'><strong>dieo.»</strong></span> <span class='ocrx_word' id='word_1_210' title='bbox 408 4297 437 4305; x_wconf 98' lang='lat'><em>-</em></span> <span class='ocrx_word' id='word_1_211' title='bbox 477 4274 604 4338; x_wconf 86' lang='lat' dir='ltr'><strong>Sequitur</strong></span> <span class='ocrx_word' id='word_1_212' title='bbox 634 4289 689 4324; x_wconf 84' lang='lat' dir='ltr'><strong>am·</strong></span> 
     </span>
     <span class='ocr_line' id='line_1_34' title="bbox 189 4361 689 4425; baseline 0.002 -15"><span class='ocrx_word' id='word_1_213' title='bbox 189 4361 337 4425; x_wconf 83' lang='lat' dir='ltr'><strong>piiiicotio:</strong></span> <span class='ocrx_word' id='word_1_214' title='bbox 358 4376 371 4405; x_wconf 63' lang='grc' dir='ltr'><strong>(ι</strong></span> <span class='ocrx_word' id='word_1_215' title='bbox 383 4361 449 4411; x_wconf 83' lang='lat' dir='ltr'><strong>Cum</strong></span> <span class='ocrx_word' id='word_1_216' title='bbox 461 4375 499 4410; x_wconf 81' lang='lat' dir='ltr'><strong>eo</strong></span> <span class='ocrx_word' id='word_1_217' title='bbox 519 4369 545 4411; x_wconf 91' lang='lat' dir='ltr'><strong>tu</strong></span> <span class='ocrx_word' id='word_1_218' title='bbox 566 4363 689 4413; x_wconf 86' lang='lat' dir='ltr'><strong>uolunta·</strong></span> 
     </span>
    </p>
   </div>
   <div class='ocr_carea' id='block_1_4' title="bbox 746 3389 1250 4414">
    <p class='ocr_par' dir='ltr' id='par_1_7' title="bbox 746 3389 1250 3895">
     <span class='ocr_line' id='line_1_35' title="bbox 746 3389 1250 3453; baseline -0.002 -14"><span class='ocrx_word' id='word_1_219' title='bbox 746 3392 836 3441; x_wconf 80' lang='lat' dir='ltr'><strong>«riam</strong></span> <span class='ocrx_word' id='word_1_220' title='bbox 854 3391 1010 3441; x_wconf 83' lang='lat' dir='ltr'><strong>sociotatem</strong></span> <span class='ocrx_word' id='word_1_221' title='bbox 1028 3390 1136 3449; x_wconf 83' lang='lat' dir='ltr'><strong>coibas,</strong></span> <span class='ocrx_word' id='word_1_222' title='bbox 1157 3389 1203 3453; x_wconf 88' lang='lat' dir='ltr'><strong>qui</strong></span> <span class='ocrx_word' id='word_1_223' title='bbox 1222 3394 1250 3438; x_wconf 86' lang='lat' dir='ltr'><strong>te</strong></span> 
     </span>
     <span class='ocr_line' id='line_1_36' title="bbox 746 3477 1248 3530; baseline -0.008 0"><span class='ocrx_word' id='word_1_224' title='bbox 746 3480 794 3530; x_wconf 88' lang='lat' dir='ltr'><strong>«in</strong></span> <span class='ocrx_word' id='word_1_225' title='bbox 813 3480 976 3530; x_wconf 83' lang='lat' dir='ltr'><strong>hereditaria</strong></span> <span class='ocrx_word' id='word_1_226' title='bbox 995 3480 1123 3528; x_wconf 80' lang='lat' dir='ltr'><strong>societate</strong></span> <span class='ocrx_word' id='word_1_227' title='bbox 1141 3477 1248 3527; x_wconf 81' lang='lat' dir='ltr'><strong>frauda-</strong></span> 
     </span>
     <span class='ocr_line' id='line_1_37' title="bbox 747 3567 1248 3629; baseline 0.002 -15"><span class='ocrx_word' id='word_1_228' title='bbox 747 3574 826 3629; x_wconf 68' lang='lat' dir='ltr'><strong>rent,</strong></span> <span class='ocrx_word' id='word_1_229' title='bbox 858 3574 885 3619; x_wconf 88' lang='lat' dir='ltr'><strong>et</strong></span> <span class='ocrx_word' id='word_1_230' title='bbox 908 3582 970 3617; x_wconf 89' lang='lat' dir='ltr'><strong>eum</strong></span> <span class='ocrx_word' id='word_1_231' title='bbox 992 3567 1093 3617; x_wconf 88' lang='lat' dir='ltr'><strong>iudicio</strong></span> <span class='ocrx_word' id='word_1_232' title='bbox 1112 3574 1248 3616; x_wconf 84' lang='lat' dir='ltr'><strong>tuocum-</strong></span> 
     </span>
     <span class='ocr_line' id='line_1_38' title="bbox 746 3655 1247 3720; baseline -0.008 -13"><span class='ocrx_word' id='word_1_233' title='bbox 746 3657 917 3720; x_wconf 79' lang='lat' dir='ltr'><strong>«probabas,</strong></span> <span class='ocrx_word' id='word_1_234' title='bbox 945 3669 1027 3719; x_wconf 87' lang='lat' dir='ltr'><strong>quem</strong></span> <span class='ocrx_word' id='word_1_235' title='bbox 1046 3655 1191 3718; x_wconf 84' lang='lat' dir='ltr'><strong>spoliatum</strong></span> <span class='ocrx_word' id='word_1_236' title='bbox 1210 3655 1247 3703; x_wconf 84' lang='lat' dir='ltr'><strong>ia·</strong></span> 
     </span>
     <span class='ocr_line' id='line_1_39' title="bbox 746 3743 1247 3808; baseline 0.002 -17"><span class='ocrx_word' id='word_1_237' title='bbox 746 3758 815 3795; x_wconf 81' lang='lat' dir='ltr'><strong>«mo</strong></span> <span class='ocrx_word' id='word_1_238' title='bbox 838 3744 1007 3808; x_wconf 83' lang='lat' dir='ltr'><strong>fortunisque</strong></span> <span class='ocrx_word' id='word_1_239' title='bbox 1030 3744 1157 3793; x_wconf 87' lang='lat' dir='ltr'><strong>omnibus</strong></span> <span class='ocrx_word' id='word_1_240' title='bbox 1177 3743 1247 3793; x_wconf 82' lang='lat' dir='ltr'><strong>arbi·</strong></span> 
     </span>
     <span class='ocr_line' id='line_1_40' title="bbox 747 3833 1026 3895; baseline -0.004 -15"><span class='ocrx_word' id='word_1_241' title='bbox 747 3835 918 3895; x_wconf 75' lang='lat' dir='ltr'><strong>«trabere»,</strong></span> <span class='ocrx_word' id='word_1_242' title='bbox 937 3847 962 3883; x_wconf 87' lang='lat' dir='ltr'><strong>o.</strong></span> <span class='ocrx_word' id='word_1_243' title='bbox 981 3833 1026 3882; x_wconf 62' lang='lat' dir='ltr'><strong>ud.</strong></span> 
     </span>
    </p>

    <p class='ocr_par' dir='ltr' id='par_1_8' title="bbox 746 3921 1247 4414">
     <span class='ocr_line' id='line_1_41' title="bbox 780 3921 1247 3979; baseline -0.006 -6"><span class='ocrx_word' id='word_1_244' title='bbox 780 3923 823 3979; x_wconf 85' lang='grc'><strong>31)</strong></span> <span class='ocrx_word' id='word_1_245' title='bbox 843 3937 868 3972; x_wconf 86' lang='lat' dir='ltr'><strong>o.</strong></span> <span class='ocrx_word' id='word_1_246' title='bbox 885 3923 930 3974; x_wconf 74' lang='grc'><strong>29.</strong></span> <span class='ocrx_word' id='word_1_247' title='bbox 968 3921 1084 3971; x_wconf 74' lang='lat' dir='ltr'><strong>«Postea</strong></span> <span class='ocrx_word' id='word_1_248' title='bbox 1104 3935 1247 3971; x_wconf 73' lang='lat' dir='ltr'><strong>sumanus</strong></span> 
     </span>
     <span class='ocr_line' id='line_1_42' title="bbox 748 4011 1246 4075; baseline 0.008 -19"><span class='ocrx_word' id='word_1_249' title='bbox 748 4012 919 4061; x_wconf 82' lang='lat' dir='ltr'><strong>«aduersarii</strong></span> <span class='ocrx_word' id='word_1_250' title='bbox 938 4011 1110 4070; x_wconf 79' lang='lat' dir='ltr'><strong>testimonio,</strong></span> <span class='ocrx_word' id='word_1_251' title='bbox 1130 4012 1176 4075; x_wconf 87' lang='lat' dir='ltr'><strong>qui</strong></span> <span class='ocrx_word' id='word_1_252' title='bbox 1195 4012 1246 4060; x_wconf 82' lang='lat' dir='ltr'><strong>sibi</strong></span> 
     </span>
     <span class='ocr_line' id='line_1_43' title="bbox 746 4100 1244 4163; baseline -0.004 -13"><span class='ocrx_word' id='word_1_253' title='bbox 746 4114 830 4150; x_wconf 78' lang='lat' dir='ltr'><strong>teum</strong></span> <span class='ocrx_word' id='word_1_254' title='bbox 839 4113 926 4162; x_wconf 82' lang='lat' dir='ltr'><strong>nuper</strong></span> <span class='ocrx_word' id='word_1_255' title='bbox 934 4100 1017 4150; x_wconf 86' lang='lat' dir='ltr'><strong>edidit</strong></span> <span class='ocrx_word' id='word_1_256' title='bbox 1025 4100 1139 4160; x_wconf 84' lang='lat' dir='ltr'><strong>socium,</strong></span> <span class='ocrx_word' id='word_1_257' title='bbox 1153 4113 1244 4163; x_wconf 86' lang='lat' dir='ltr'><strong>quem,</strong></span> 
     </span>
     <span class='ocr_line' id='line_1_44' title="bbox 747 4188 1246 4251; baseline 0.004 -17"><span class='ocrx_word' id='word_1_258' title='bbox 747 4188 921 4251; x_wconf 73' lang='lat' dir='ltr'><strong>«quomodo</strong></span> <span class='ocrx_word' id='word_1_259' title='bbox 945 4202 1018 4237; x_wconf 90' lang='lat' dir='ltr'><strong>nunc</strong></span> <span class='ocrx_word' id='word_1_260' title='bbox 1045 4189 1175 4246; x_wconf 87' lang='lat' dir='ltr'><strong>intendit,</strong></span> <span class='ocrx_word' id='word_1_261' title='bbox 1211 4201 1246 4236; x_wconf 90' lang='lat' dir='ltr'><strong>ne</strong></span> 
     </span>
     <span class='ocr_line' id='line_1_45' title="bbox 747 4275 1245 4339; baseline 0.01 -19"><span class='ocrx_word' id='word_1_262' title='bbox 747 4277 795 4325; x_wconf 82' lang='lat' dir='ltr'><strong>nin</strong></span> <span class='ocrx_word' id='word_1_263' title='bbox 834 4277 960 4325; x_wconf 88' lang='lat' dir='ltr'><strong>uiuorum</strong></span> <span class='ocrx_word' id='word_1_264' title='bbox 994 4275 1104 4339; x_wconf 88' lang='lat' dir='ltr'><strong>quidem</strong></span> <span class='ocrx_word' id='word_1_265' title='bbox 1132 4289 1245 4325; x_wconf 89' lang='lat' dir='ltr'><strong>numero</strong></span> 
     </span>
     <span class='ocr_line' id='line_1_46' title="bbox 747 4363 1140 4414; baseline -0.008 -2"><span class='ocrx_word' id='word_1_266' title='bbox 747 4370 826 4414; x_wconf 84' lang='lat' dir='ltr'><strong>ntum</strong></span> <span class='ocrx_word' id='word_1_267' title='bbox 845 4364 1012 4414; x_wconf 76' lang='lat' dir='ltr'><strong>demonstrat</strong></span> <span class='ocrx_word' id='word_1_268' title='bbox 1029 4363 1140 4413; x_wconf 79' lang='lat' dir='ltr'><strong>inisse.»</strong></span> 
     </span>
    </p>
   </div>
   <div class='ocr_carea' id='block_1_5' title="bbox 0 0 1660 5280">
    <p class='ocr_par' dir='ltr' id='par_1_9' title="bbox 0 0 1660 5280">
     <span class='ocr_line' id='line_1_47' title="bbox 0 0 1660 5280; baseline 0 0"><span class='ocrx_word' id='word_1_269' title='bbox 0 0 1660 5280; x_wconf 95' lang='lat' dir='ltr'><strong> </strong></span> 
     </span>
    </p>
   </div>
  </div>
 </body>
</html>
