3352 5276
120 462 122 467 v
210 503 305 590 §.8
331 497 390 572 A'.
408 497 473 584 θ’.
492 468 680 619 abscidam
698 506 801 572 reete
816 497 1029 596 defenderit
1050 523 1178 575 necne
1211 501 1273 564 ¹1¹1

213 695 334 773 tatum,
357 691 401 769 is,
424 690 486 753 nisi
501 686 659 770 satisdet,
683 706 751 751 non
765 691 859 753 recte
875 688 1042 777 defendit,
1063 692 1135 756 siue
1150 693 1276 756 semet-
1299 698 1393 798 *tf-¹
1408 705 1434 743 ⁸¹»

212 815 336 897 ipsum,
358 829 456 895 quum
478 828 540 874 suo
564 809 695 885 nomine
712 810 927 898 componitur,
950 813 1022 876 siue
1043 812 1165 897 alium,
1182 812 1278 879 cuius
1294 815 1374 866 ΤΤΤΤ
1361 771 1434 811 P

213 935 410 1029 procurator
431 935 494 996 est.

274 1056 405 1140 Atquin
426 1053 590 1118 aduersus
613 1072 703 1137 sum,
726 1054 782 1137 qui
803 1056 890 1120 sieut
912 1058 1048 1139 oportet
1069 1054 1190 1122 iudicio
1208 1074 1278 1121 non

213 1174 423 1260 defenditur,
444 1180 599 1260 paratum
619 1178 671 1239 est
692 1173 867 1241 Praetoris
888 1177 1075 1262 imperium,
1099 1176 1186 1262 quod
1203 1179 1276 1262 pri-

212 1318 296 1362 mum
320 1299 393 1363 siue
417 1297 541 1363 ducere
564 1295 707 1362 iubendo
730 1296 802 1361 siue
830 1299 864 1361 in
892 1299 1139 1381 possessionem
1169 1299 1278 1364 bono-

211 1439 282 1491 rum
302 1417 491 1511 mittendo,
529 1416 666 1504 deinde,
701 1417 731 1482 si
753 1420 828 1503 quis
849 1423 1042 1503 contempta
1062 1408 1279 1509 magistratus

211 1543 414 1606 auctoritate
436 1543 494 1603 aut
517 1538 651 1606 ducenti
673 1545 732 1603 aut
753 1532 938 1623 possidenti
956 1544 1197 1629 repugnauerit
1213 1542 1278 1608 ob-

211 1664 394 1749 stiteritue,
415 1663 448 1725 ui
472 1678 634 1746 manuque
657 1664 867 1727 exerceatur.

274 1784 340 1848 Hie
361 1785 464 1871 igitur
486 1785 610 1867 primus
632 1782 774 1847 tribunis
796 1783 910 1847 auxilii
932 1782 1063 1848 ferendi
1085 1785 1181 1850 locus
1202 1788 1277 1851 erit.

275 1923 454 1988 Enimuero
486 1920 521 1986 id
549 1923 655 2006 ipsum
686 1914 923 1989 auxilium'cui
953 1942 1118 2009 personae
1140 1942 1276 1991 accom-

212 2028 523 2129 modabituratquc
545 2062 618 2110 oum
641 2043 763 2109 effectu
784 2063 846 2108 suo
869 2045 1077 2128 profuturum
1100 2038 1181 2110 est?

275 2162 432 2252 Alfeno?
465 2166 574 2255 Nego.
606 2162 690 2246 Quis
719 2168 805 2230 enim
833 2166 958 2240 Alieno
987 2169 1153 2235 satisdare
1175 2186 1278 2234 recu-

211 2292 310 2353 sante
333 2307 399 2352 non
423 2279 640 2353 defenditur?
663 2287 789 2371 Nempe
813 2286 1007 2371 Qutarcttus.

275 2407 407 2494 Quippe
430 2400 581 2492 Attianus
603 2409 694 2473 nullo
716 2410 788 2474 iure
805 2410 988 2477 obstrictus
1003 2414 1073 2497 est,
1095 2431 1163 2477 non
1178 2410 1276 2476 modo

211 2537 249 2595 ut
275 2516 439 2614 satisde't‚
470 2549 583 2594 uerum
614 2532 712 2593 etiam
739 2534 778 2593 ut
805 2531 859 2595 uei
893 2532 1056 2595 tantulum
1086 2528 1275 2612 Quinctium

213 2649 383 2716 defendat.
425 2653 545 2734 ltaque
568 2650 711 2735 Alfeno,
734 2653 806 2715 slue
828 2651 994 2717 satisdare
1015 2654 1185 2718 recusanti
1204 2656 1276 2718 siue

214 2772 279 2836 alio
302 2766 506 2856 quocumque
528 2766 635 2835 modo
649 2777 877 2855 procuratoris
898 2773 1041 2839 officium
1063 2775 1276 2869 detrectanti,

215 2894 305 2958 nulla
319 2893 493 2958 Praetoris
508 2895 638 2959 coactio
653 2895 809 2960 imminet.
853 2891 996 2983 Contra,
1018 2896 1046 2962 si
1066 2903 1163 2961 nemo
1178 2897 1277 2980 adsit,
1342 2903 1344 2907 ’

215 3018 270 3100 qui
297 3019 391 3080 recte
418 3017 519 3098 atque
549 3014 664 3111 ordine
692 3019 921 3100 procuratoris
951 3036 1086 3084 munere
1114 3017 1278 3106 iungatur
1396 3044 1400 3051 ¹

214 3137 524 3221 defensionemque,
553 3139 601 3200 uti
631 3142 783 3225 oportet,
815 3140 994 3225 suscipiat,
1029 3137 1184 3218 Qottrmttt
1212 3143 1278 3205 ab·

214 3260 321 3323 sentis
342 3246 429 3323 bona
444 3230 724 3345 possidebuntur,
745 3278 873 3344 suoque
888 3263 1039 3344 tempore
1054 3261 1277 3328 oreditoribus

214 3380 427 3463 conuocatis,
440 3381 601 3468 aragistro
616 3384 731 3448 creato
748 3383 957 3465 caeterisque
972 3401 1016 3446 cx
1030 3381 1152 3448 Edicto
1167 3381 1278 3448 Prae-

214 3504 297 3566 toris
323 3503 387 3566 rite
415 3503 562 3585 peractis
590 3494 802 3580 uenrbunt2);
838 3504 966 3568 interea
995 3510 1106 3567 autem
1132 3503 1278 3592 Naeuio,

214 3641 257 3686 ne
286 3624 351 3687 uim
380 3623 544 3706 patiatur,
576 3625 749 3707 quominus
777 3624 849 3688 siue
881 3624 974 3688 solus
1002 3622 1074 3690 siuc
1102 3609 1174 3690 oum
1204 3627 1278 3692 aliis

215 3743 436 3810 creditoribus
468 3741 657 3830 possideat,
688 3742 861 3809 Praetoris
891 3745 1092 3835 iurisdictio,
1125 3752 1278 3831 potestas
1320 3768 1331 3794 ·
1385 3828 1387 3832 ι

215 3867 406 3950 imperiique
429 3867 480 3929 uis
501 3864 813 3945 accommodabitur.

279 4004 372 4093 Ergo
395 4003 477 4076 hace
499 4011 594 4092 sunt,
617 4026 753 4092 quorum
777 4004 1047 4110 depellendorum
1069 4027 1192 4075 caussa
1210 4009 1278 4075 Al-

218 4124 315 4194 fenus
337 4145 404 4189 non
424 4146 485 4192 cuo
507 4127 568 4194 sed
590 4127 746 4211 Quinacttt
767 4130 899 4196 nomine
920 4131 1073 4196 tribunos
1094 4131 1138 4216 pi.
1155 4131 1277 4215 appel-

251 4355 281 4413 2)
301 4355 367 4406 Vide
382 4368 464 4419 supra
482 4352 511 4417 §.
527 4357 553 4407 3.
573 4372 600 4421 p.
615 4357 659 4409 oa.
674 4374 750 4424 seqq.
