3420 5280
311 549 348 627 s.
375 537 418 613 2.
473 536 555 625 Qoo
580 539 665 611 inore
698 532 763 610 N¹.
784 537 882 610 dono
907 536 967 625 Ql.
986 538 1206 638 possederit.
1256 538 1298 601 49

1414 652 1431 690 Ι

235 729 355 815 spectu
378 725 585 814 deprompta,
606 725 691 791 satis
711 726 800 811 apud
822 745 882 792 me.
896 728 1012 812 ualuit,
1033 731 1070 794 ut
1091 748 1154 815 pro
1176 727 1465 835 ⁰¹P¹⁰·.⁰.'1¹.⁸ss⁶.⁶2¹.f‡'

236 852 310 915 rata
331 868 369 914 re
390 866 522 933 semper
542 847 716 933 haberem,
740 853 904 937 quartam
926 849 1029 931 illam,
1058 869 1126 914 non
1146 855 1300 937 primam

223 970 346 1037 mulcti
375 970 555 1037 clausulam
578 969 702 1048 luisse,
746 987 811 1055 qua
841 972 948 1035 teneri
972 967 1148 1052 Quinctius
1169 973 1212 1038 ab
1234 971 1300 1038 ad-

235 1093 386 1158 uersario
408 1091 585 1159 diceretur.
808 1087 810 1089 ’

300 1213 394 1295 Quae
416 1217 527 1281 tamen
550 1214 719 1279 sententia
741 1232 838 1298 quum
860 1214 962 1303 longe
977 1215 1080 1296 absit,
1103 1216 1139 1279 ut
1157 1217 1299 1281 omnium

235 1334 357 1402 iudicio
390 1335 641 1419 comprobetur,
679 1352 766 1403 rtuuc
788 1332 1037 1418 walderamus,
1074 1355 1159 1421 quae
1181 1340 1300 1403 eontra
1347 1420 1352 1439 .

174 1498 177 1503 f
236 1460 272 1523 et
293 1455 455 1542 disputari
479 1459 513 1521 et
535 1458 639 1521 statui
659 1457 782 1521 solent.

272 1590 274 1593 ’
298 1578 413 1663 Atque
435 1580 533 1643 etiam
555 1576 822 1644 dissentientium
843 1596 865 1642 a
885 1579 982 1644 nobis
1004 1597 1125 1668 magna
1142 1585 1194 1646 est
1210 1581 1300 1646 inter

236 1700 328 1783 ipsos
351 1699 529 1765 dissensio.

196 1860 200 1879 .
298 1800 367 1886 Alii
390 1823 477 1886 enim,
507 1841 602 1886 unam
623 1821 823 1888 latitationis
850 1840 1001 1890 caussam
1033 1826 1152 1908 putant
1184 1825 1299 1912 agita-

237 1946 303 2010 tam
325 1960 419 2023 esse,
440 1943 495 2008 alli
519 1959 561 2008 ne
582 1941 669 2009 hanc
693 1943 843 2032 quidem,
863 1946 942 2030 quin
965 1946 1097 2013 omnino
1113 1946 1235 2010 nullam
1256 1963 1299 2010 ex

237 2068 380 2150 quatuor
406 2064 490 2150 illis,
525 2082 608 2150 quas
641 2064 836 2150 supradicto
865 2065 977 2133 Edisti
1002 2069 1113 2151 eapite
1136 2067 1298 2135 contineri

236 2187 464 2276 cognouimus.
1035 2249 1038 2255 .

299 2304 444 2393 Quarum
476 2311 666 2399 opinionum
703 2312 814 2395 prior,
851 2312 927 2376 olim
960 2311 1002 2376 ab
1034 2307 1304 2391 Hotomooto¹²)‚

235 2440 343 2514 nuper
364 2431 462 2495 etlam
494 2450 515 2495 a
542 2425 703 2510 nonum)
731 2431 889 2518 defensa,
927 2433 985 2496 uix
1005 2432 1140 2521 longam
1160 2435 1300 2518 requirit

119 2588 126 2602 ·
234 2550 482 2615 refutationem.
525 2551 643 2635 Neque
665 2552 749 2616 enlm
773 2553 934 2641 originem
957 2551 1052 2617 duxit
1077 2554 1300 2619 exorationis

235 2670 334 2735 huius
362 2670 669 2759 comtemplatione,
702 2689 815 2735 uerum
843 2691 886 2738 ex
916 2691 1022 2758 praua
1051 2671 1190 2758 quadam
1218 2674 1300 2739 iuris

236 2791 345 2858 ciuilis
378 2790 549 2877 doctrina,
584 2790 669 2856 adeo
698 2792 798 2858 hodie
827 2794 968 2878 explosa
988 2797 1090 2877 atque
1111 2813 1133 2858 a
1153 2795 1300 2861 melioris

236 2917 338 2978 notae
359 2895 578 2999 scriptoribus
588 2909 626 2988 14)
648 2914 841 3000 repudiato,
870 2917 906 2979 ut
922 2916 975 2999 qul
991 2920 1070 2981 ante
1088 2912 1219 2984 Galam
1240 2935 1299 2982 re-

236 3040 366 3120 pertum
393 3054 464 3100 eam
487 3037 788 3124 excogitauerunt‚
817 3038 1055 3122 excusatione,
1090 3038 1145 3125 qui
1177 3037 1299 3104 abhinc

235 3157 270 3221 ln
292 3175 334 3222 ea
354 3142 678 3241 perseuerauerunt,
700 3161 758 3223 uix
780 3159 992 3227 miseralione
1007 3158 1101 3249 digni
1124 3178 1199 3225 esse
1222 3161 1298 3225 exi-

235 3278 420 3342 stimentur.
803 3349 806 3353 ,

298 3398 456 3465 Nimirum
477 3418 572 3481 error
593 3402 625 3465 in
649 3419 689 3466 eo
712 3402 794 3486 luit,
816 3400 905 3484 quod
926 3420 969 3468 ex
990 3403 1118 3489 aliquot
1132 3402 1298 3492 Digesto-

269 3667 319 3734 12)
346 3656 433 3733 Quem
464 3669 559 3721 confer
594 3670 740 3734 praecipue
795 3683 828 3720 ue
852 3669 981 3721 Stietcros
1012 3686 1038 3735 p.
1071 3671 1130 3730 loa.)
1156 3671 1237 3721 eliam
1264 3672 1299 3722 de

235 3756 265 3808 iu
281 3757 441 3823 deposcente
459 3760 494 3809 ud
511 3759 663 3809 orationem
690 3772 739 3823 pro
795 3759 886 3823 specie
904 3759 1041 3823 proposito
1059 3773 1166 3810 mecum
1184 3772 1299 3810 consen·

235 3843 362 3907 Quinctio
380 3852 461 3911 atque
480 3849 508 3897 in
525 3847 737 3898 collaudati.
795 3847 843 3909 tit,
877 3846 983 3898 scilieet
1013 3853 1150 3913 tamquam
1186 3848 1300 3899 maeatis

271 3935 315 3994 13)
332 3936 438 3986 videsis
456 3936 475 3985 l.
497 3950 522 3986 c.
547 3951 573 4000 p.
596 3935 641 3987 12.
660 3948 738 4000 seqq.
794 3950 849 3987 non
888 3941 1026 4000 tamquam
1065 3937 1197 3989 latitantis
1227 3939 1298 3988 bona

272 4024 319 4087 1o)
338 4026 369 4087 F.
388 4025 416 4076 G.
438 4025 470 4077 d.
490 4025 587 4077 Stiebcr
604 4026 638 4075 de
653 4025 737 4075 bono·
795 4025 913 4087 Quinctii
929 4038 1052 4088 possessa
1065 4024 1159 4076 luisse.
1174 4049 1201 4060 -
1222 4026 1298 4076 Bella·

236 4126 297 4166 rum
316 4115 453 4174 emtione,
484 4114 591 4178 Lipsiae
610 4113 689 4164 1827.
708 4113 737 4165 8.
792 4114 1004 4179 Μηνὶ-11011101)
1018 4114 1036 4162 Ι.
1048 4127 1072 4163 o.
1085 4129 1111 4178 p.
1121 4114 1295 4179 280.seqq.-

237 4219 262 4268 p.
282 4204 326 4254 119.
347 4226 378 4239 -
396 4203 525 4253 Ztmmern
542 4203 562 4252 1.
582 4217 606 4253 e.
623 4218 650 4267 p.
664 4203 737 4262 alo..
794 4202 863 4252 Noui
889 4207 981 4253 autem
1005 4212 1112 4253 errores
1131 4204 1299 4267 irrepserunt

235 4292 283 4357 qui
301 4292 402 4342 ibidem
428 4291 455 4339 in
482 4297 545 4342 notu
562 4292 589 4343 3.
613 4289 738 4356 (perinde
795 4290 823 4342 in
844 4291 886 4342 W.
906 4292 990 4343 aanor
1008 4291 1035 4341 d.
1055 4290 1125 4340 libro
1143 4305 1169 4354 p.
1188 4290 1251 4341 iai.

278 4397 401 4442 Summum,
417 4396 462 4436 Lib.
476 4397 492 4435 Ι.
1009 4410 1030 4471 a
