3352 5276
218 526 256 602 s.
273 515 313 588 8.
341 511 401 587 Α’.
419 508 483 598 Ψ.
502 511 690 585 absentem
707 517 810 584 recte
826 508 1036 607 &fermerii
1052 533 1178 585 neena.
1219 512 1279 574 tet

219 707 294 791 tur,
317 701 378 767 sed
400 701 444 767 ab
462 719 502 766 eo
517 701 642 766 absens
656 699 849 786 sisteretur,
871 702 1062 788 accepisse3
1082 718 1185 786 porro
1208 719 1280 766 eum
1300 714 1434 811 fflm

220 842 367 910 quoqne,
400 823 455 908 qui
485 824 610 887 inuitas
644 825 849 906 coactusque
881 823 1002 908 uellet,
1034 823 1124 889 nette
1153 825 1282 909 tamen,
1300 787 1386 928 rifi-:²33
1396 788 1435 827 ’μ’

220 963 326 1030 neque
348 943 508 1009 eiusmodi
526 938 639 1017 uim47)
661 962 799 1030 passum
822 961 898 1009 esse
912 941 1090 1028 Naeuium,
1116 962 1181 1029 qua
1194 940 1283 1029 quod

220 1069 326 1132 iustae
347 1065 554 1133 defensionis
574 1067 687 1132 inesse
708 1067 793 1139 alias
813 1067 951 1149 putatur
968 1064 1156 1130 uadimonio
1171 1067 1205 1130 in
1219 1065 1284 1131 ab·
1385 1140 1389 1144 Α

221 1191 327 1254 sentis
350 1207 526 1273 personam
550 1188 690 1272 collato,
711 1190 784 1252 iure
805 1188 982 1252 tolleretur
1002 1187 1138 1272 penitus
1159 1204 1200 1253 ac
1221 1201 1286 1271 pe-

220 1313 409 1375 rimeretur:
433 1308 576 1395 denique
597 1290 686 1374 haud
708 1310 793 1374 satis
815 1326 890 1373 esse
913 1306 956 1374 ad
977 1306 1175 1375 uincendum
1190 1307 1286 1375 Nae-

220 1406 301 1515 uio,
337 1433 426 1497 bona
463 1427 611 1511 Quinctii
646 1428 839 1515 possedisse
871 1431 930 1494 aut
961 1428 1060 1495 hodie
1092 1428 1285 1514 possidere,

219 1556 282 1619 nisi
304 1554 402 1618 etiam
436 1571 483 1617 en
512 1550 643 1618 Edicto
671 1552 772 1634 atque
796 1556 873 1616 inre
895 1549 1122 1636 possedisset,
1142 1550 1208 1616 hoc
1232 1555 1285 1616 est

219 1678 260 1741 ab
298 1694 338 1740 eo
375 1676 430 1760 qui
467 1675 561 1740 recte
594 1672 754 1738 defensus
785 1691 855 1737 non
894 1676 1006 1758 esset;
1043 1689 1107 1737 nec
1135 1672 1284 1758 referre,

220 1796 296 1883 quid
328 1795 371 1862 de
398 1796 456 1860 illa
483 1797 698 1879 possessione
725 1796 783 1860 aut
805 1792 1032 1860 continuanda
1053 1796 1113 1860 aut
1134 1792 1283 1859 tollendo

218 1914 401 1984 Praetores
423 1918 590 1991 tribuniae
605 1917 714 2003 plebis
728 1917 931 2002 sensissent,
952 1912 1013 1980 sed
1028 1934 1093 2005 qao
1108 1919 1183 1981 iure
1199 1933 1282 2000 pos-

219 2058 345 2105 sessum
369 2043 479 2126 esset,
513 2039 579 2105 hoc
601 2057 682 2104 uero
705 2041 812 2103 totum
833 2039 1018 2122 sponsione
1040 2037 1205 2104 contineri
1228 2039 1282 2105 iu-

220 2161 349 2246 dicique
371 2160 528 2227 traditum
551 2163 586 2226 et
607 2163 819 2245 permissum,
840 2160 969 2245 sibique
990 2177 1058 2223 non
1080 2176 1123 2223 ex
1145 2160 1282 2243 praeiu-

219 2282 313 2351 diciis
335 2281 395 2348 sed
418 2301 461 2348 ex
493 2284 568 2368 ipsa
599 2283 649 2348 rei
677 2283 821 2348 ueritate
849 2278 1072 2367 quaerendum
1096 2284 1130 2345 et
1156 2279 1281 2346 diiudi-

218 2404 356 2472 candum
379 2423 467 2470 esse.

280 2526 332 2592 Ne
355 2528 468 2610 plura:
506 2543 546 2590 ea
569 2523 645 2587 mihi
672 2523 805 2588 uidetur
831 2524 896 2590 hoe
922 2525 998 2589 loco
1021 2527 1110 2588 inter
1131 2526 1282 2614 singutas

218 2647 390 2711 Hortensii
423 2645 590 2730 Tulliique
612 2643 828 2710 defensiones
849 2647 936 2711 ratio
958 2646 1207 2732 intercessisse,
1244 2650 1281 2710 ut

219 2768 272 2832 tric
294 2770 456 2833 communi
488 2768 595 2855 magis
616 2769 717 2851 atque
739 2767 872 2855 uulgari
894 2768 1080 2861 strictoque
1101 2767 1173 2831 iure
1195 2784 1281 2832 con-

218 2891 373 2974 sisteret,
393 2889 449 2954 iile
470 2889 640 2974 aequitate
664 2887 804 2974 quadam
826 2890 998 2975 uteretur,
1021 2906 1103 2975 qua,
1125 2890 1155 2953 si
1176 2887 1280 2952 solam

219 3029 291 3075 eam
324 3028 464 3077 caussae
496 3012 626 3096 partem
654 3013 846 3095 spectares,
882 3008 997 3075 durius
1019 3013 1135 3094 posset
1157 3008 1281 3092 uideri,

218 3135 359 3217 propter
386 3131 607 3197 uadimonium
629 3134 837 3197 contractum
863 3133 1029 3196 consueto
1049 3149 1140 3197 more
1163 3130 1280 3196 Alieni

219 3252 447 3319 defensionem
467 3256 588 3319 iustam
610 3251 758 3319 iudicari.

282 3374 335 3440 Ea
360 3393 442 3443 uero
472 3375 652 3461 aequitatis
679 3375 766 3439 ratio
788 3392 831 3439 an
853 3372 958 3463 digna
979 3374 1098 3457 tuerit,
1128 3393 1224 3460 quam
1246 3376 1280 3438 in

218 3495 428 3582 expediendo
447 3497 645 3585 grauissimo
659 3494 724 3561 hoc
739 3513 879 3561 caussae
896 3494 985 3560 nodo
1000 3494 1101 3561 iudex
1119 3513 1281 3581 sequere-

219 3623 292 3701 tur,
314 3637 358 3685 an
379 3619 455 3684 aliis
477 3617 624 3683 fortasse
646 3635 787 3683 caussae
810 3617 961 3701 partibus
983 3618 1152 3682 contrario
1176 3634 1283 3702 quae-

219 3736 292 3804 dam
315 3740 485 3825 aequitas,
518 3756 583 3824 qua
599 3735 752 3819 Quinctii
776 3755 897 3803 caussa
919 3738 1127 3821 firmaretur,
1163 3738 1283 3802 tortior

254 4078 299 4144 di)
319 4081 395 4132 Gaui.
417 4083 446 4132 L.
467 4084 510 4133 21.
530 4080 559 4145 ὃ.
580 4085 605 4134 5.
644 4083 721 4145 Quod
779 4080 1098 4132 cau.mai.L.13.G.
1138 4082 1281 4131 Detraus·

221 4177 283 4220 met.
305 4184 346 4219 ca.
375 4170 405 4219 1..
426 4172 470 4220 21.
497 4172 527 4221 L.
547 4173 590 4221 22.
629 4171 668 4221 De
687 4172 719 4221 R.
778 4172 946 4229 actionibus,
975 4177 1001 4219 et
1019 4176 1079 4220 cett.
1104 4196 1133 4206 -
1162 4186 1185 4217 v.
1208 4171 1280 4220 Savi-

220 4260 251 4310 N.
268 4284 299 4294 -
318 4258 346 4307 L.
368 4258 393 4306 3.
414 4255 441 4319 ὅ.
463 4260 487 4308 1.
508 4259 632 4322 L.7.pr.
653 4256 718 4321 §.L
778 4274 830 4324 guy
850 4260 917 4323 Syst.
941 4261 966 4308 d.
993 4260 1067 4309 heut.
1095 4260 1125 4308 R.
1148 4260 1179 4308 R.
1201 4259 1278 4309 Touo.

220 4347 296 4410 Quod
316 4352 380 4396 met.
407 4359 448 4395 cn.
476 4346 505 4393 L.
527 4348 551 4396 3.
591 4348 627 4397 Ex
646 4349 719 4411 quib.
779 4349 827 4398 iii.
849 4365 873 4411 p.
895 4350 939 4399 99.
961 4362 1036 4411 seqq.
