3310 5280
430 481 491 543 teo
547 476 642 580 Cup.
660 480 695 554 1.
747 477 809 554 Dc
831 482 917 573 iure
944 502 1107 555 caussae
1135 478 1399 568 Quinam

275 683 400 724 inuno
429 688 544 735 omnes
565 672 696 737 omnino
718 670 884 755 resquasi
901 686 999 735 manu
1014 667 1318 757 adprehendisset,
1341 674 1488 756 protinus

428 794 612 882 negaretur
632 790 674 857 ad
697 789 808 858 adico
831 808 984 858 caussam
1005 795 1100 858 recte
1121 791 1326 877 possedisse.
1368 794 1489 862 Contra

373 996 377 1003 ἡ
429 932 526 998 quum
548 914 711 1001 uestigia,
735 930 820 998 quoe
842 919 1042 998 supersunt,
1068 907 1275 999 respicio⁴⁷i,
1297 915 1400 980 multo
1422 935 1489 982 ma-

429 1036 485 1120 gis
505 1033 582 1098 mihi
604 1034 764 1099 uidentur
792 1035 840 1099 ilii
861 1035 991 1100 nimiam
1020 1033 1221 1101 creditorum
1244 1054 1491 1121 possessorum-

430 1175 494 1242 que
534 1160 753 1242 asperitatem
785 1156 934 1223 timuisse
973 1173 1069 1241 quam
1109 1154 1315 1223 adstrictiori
1355 1157 1491 1242 quadem

430 1280 655 1363 possessionis
677 1275 887 1343 exercendae
909 1279 1041 1342 ratione
1063 1296 1104 1344 eo
1126 1296 1195 1343 rem
1218 1279 1437 1364 perduxisse,
1458 1284 1492 1345 ut

430 1400 640 1489 induigentia
661 1402 696 1465 et
718 1399 907 1463 humanitas
927 1400 962 1463 in
984 1401 1163 1484 perniciem
1179 1400 1401 1467 creditoribus
1415 1420 1494 1466 uer-

431 1525 529 1587 teret.
571 1520 636 1586 Vei
658 1521 787 1586 minime
809 1523 919 1585 autem
942 1523 1024 1605 puto
1048 1521 1155 1586 faueri
1178 1523 1236 1608 iis,
1259 1526 1315 1607 qui
1329 1524 1392 1608 ipsi
1409 1542 1495 1608 quo-

430 1662 544 1709 rumue
567 1645 805 1729 procuratores
823 1643 888 1706 uim
910 1638 1140 1728 adhibuerint,
1163 1645 1337 1728 quominus
1350 1643 1497 1709 creditor

430 1764 636 1831 aPraetore
657 1767 777 1865 iussus!
797 1764 885 1828 bone
907 1761 1115 1848 possideret,
1151 1763 1271 1830 deinde
1294 1763 1381 1831 hunc
1404 1784 1496 1830 suam

431 1889 562 1972 culpam
583 1887 618 1951 in
640 1884 791 1951 fraudem
812 1883 1013 1972 aduersarii,
1051 1884 1139 1969 quod
1168 1888 1276 1950 minus
1297 1890 1391 1952 recte
1415 1905 1497 1971 pos-

431 2007 596 2092 sedisset,
625 2010 848 2092 contorquere
878 2005 1055 2069 uoluerint.
1110 2005 1225 2071 Talem
1246 2026 1328 2072 uero
1350 2004 1499 2088 Quinctii

432 2147 585 2196 caussam
606 2128 730 2215 tuisse,
758 2147 854 2213 quum
877 2125 1022 2192 Praetor
1042 2125 1204 2192 Naeuium
1227 2127 1403 2213 possidere
1426 2130 1501 2193 tus-

465 2470 512 2537 ii'i)
536 2472 568 2523 L.
588 2472 631 2523 te.
674 2471 714 2523 iie
740 2471 799 2522 reb.
830 2476 935 2527 auctor.
992 2479 1047 2525 tere
1062 2473 1165 2536 magis,
1193 2472 1294 2522 deiude
1314 2471 1429 2521 modum
1454 2470 1503 2520 im·

433 2563 488 2613 iud.
498 2576 542 2626 po.
551 2558 659 2624 (Gutus)
673 2560 821 2623 «Quamuis
831 2572 937 2624 posses·

433 2665 485 2701 ssa
505 2665 560 2702 non
580 2651 634 2700 sint
659 2650 747 2711 bona,
780 2649 843 2712 quia
867 2647 937 2698 torte

433 2740 524 2790 anihil
555 2739 638 2791 inerit
664 2738 736 2804 quod
767 2738 937 2801 possideatur

433 2834 504 2880 aaut
537 2829 597 2878 siue
627 2827 814 2878 controuersia
846 2822 936 2890 [non]

436 2917 644 2980 «possideaturs
676 2916 807 2978 creditor,
839 2914 885 2978 qui
909 2915 937 2963 in

434 3007 660 3071 «possessionem
680 3005 780 3055 missus
805 3007 867 3065 ssi,
892 3015 938 3066 pe-

434 3096 533 3146 sriude
551 3096 666 3145 habetur
683 3107 716 3144 ao
734 3095 757 3144 si
776 3094 858 3143 etiam
879 3105 939 3156 pos·

435 3197 530 3234 «sessa
551 3184 621 3233 bona
640 3181 783 3232 inissent.»
804 3205 834 3216 —
857 3178 937 3230 Comi.

434 3272 465 3323 1..
494 3271 537 3322 12.
566 3268 595 3333 §-
621 3270 648 3321 ἢ.
680 3271 741 3321 eod.
779 3265 938 3331 (Paullus.)

435 3359 486 3410 ssi
505 3365 615 3424 propter
630 3364 756 3409 naturam
774 3359 833 3418 rei,
853 3358 939 3408 ueluti

435 3451 480 3499 asi
510 3449 653 3513 praedium
691 3448 854 3497 inundatum
883 3447 938 3507 sit,

435 3543 621 3603 aautpropter
633 3537 769 3587 latronum
779 3535 938 3599 potentiam,

436 3641 515 3677 anon
543 3632 632 3691 potest
671 3625 827 3689 possideri:
865 3628 940 3674 reete

436 3716 559 3766 adicitur
589 3729 645 3767 non
669 3728 730 3766 esse
755 3713 827 3778 quod
855 3711 940 3776 possi-

438 3805 582 3854 adeatur.»
612 3829 639 3839 -
678 3803 763 3853 Porro
793 3802 940 3865 respicien-

436 3893 502 3943 dum
528 3891 614 3942 tiotctt
644 3896 726 3955 eaput
750 3889 835 3949 iilud,
867 3889 940 3954 quod

438 3981 530 4044 paulio
555 3986 635 4031 autea
662 3984 700 4043 (p.
720 3978 782 4028 itit.
809 3983 865 4028 not.
884 3972 942 4041 43.)

437 4084 469 4122 er
487 4070 618 4121 orationis
631 4068 720 4131 eapite
733 4067 777 4117 27.
791 4066 941 4125 attulimus,

438 4161 484 4210 ubi
503 4159 594 4224 quiuis
617 4156 859 4207 animaduersuros
883 4160 941 4214 est,

435 4248 594 4299 Praetorem
611 4247 646 4298 de
659 4243 822 4310 possidendo
830 4243 941 4305 poma·

994 2576 1105 2626 ponere,
1122 2562 1207 2611 nimia
1217 2566 1321 2621 uetare,
1332 2575 1415 2625 qoam
1427 2567 1458 2614 ut
1469 2564 1505 2613 ad

997 2653 1194 2702 strictissimam
1215 2650 1385 2713 singularum
1414 2655 1505 2704 omni·

993 2754 1040 2791 um
1068 2754 1161 2790 rerum
1191 2740 1391 2802 possessionem
1424 2744 1506 2807 quasi

994 2829 1158 2880 incitauerit.
1183 2852 1213 2863 -
1251 2827 1395 2879 Caeterum
1421 2831 1452 2879 in
1478 2830 1505 2881 d.

994 2917 1025 2967 L.
1045 2918 1088 2968 13.
1108 2931 1163 2969 nort
1177 2916 1262 2976 titud,
1283 2918 1354 2980 quod
1369 2898 1452 2967 uncis
1468 2919 1509 2967 in·

994 3004 1079 3065 eiust,
1111 3004 1277 3055 eiiciendum
1301 3017 1506 3066 succenseo,

995 3107 1058 3143 cum
1084 3100 1194 3158 propter
1220 3095 1411 3155 seutentiam,
1449 3101 1509 3145 tum

995 3182 1102 3233 Codicis
1137 3183 1191 3231 mei
1219 3182 1278 3246 (qui
1310 3182 1376 3232 oiim
1405 3183 1508 3233 Herm.

995 3270 1148 3322 Coiiadooii
1166 3271 1233 3331 tuit,
1253 3284 1405 3334 omnesque
1427 3273 1512 3335 quin·

995 3361 1125 3423 quaginta
1144 3360 1316 3423 Digestorum
1335 3359 1422 3409 iibros
1443 3374 1512 3410 eon·

996 3446 1074 3512 tinet)
1099 3454 1181 3512 atque
1206 3449 1386 3499 Basilicorum
1408 3444 1460 3512 (T.
1487 3448 1511 3498 i.

996 3551 1023 3599 p.
1040 3533 1115 3599 538.)
1135 3537 1305 3588 auctoritate.
1324 3561 1354 3572 —
1373 3537 1435 3588 Nec
1450 3541 1512 3586 tan·

996 3624 1058 3675 dem
1077 3638 1122 3676 me
1139 3624 1222 3689 iugis,
1242 3639 1312 3691 quae
1336 3626 1370 3676 de
1396 3629 1515 3674 contro-

996 3714 1090 3764 uersia
1109 3714 1137 3764 iu
1156 3715 1181 3763 d.
1200 3714 1230 3764 1„
1250 3714 1297 3765 18.
1314 3715 1416 3777 scripta
1431 3719 1513 3774 sunt,

996 3806 1137 3852 extraneos
1154 3804 1259 3867 potius,
1279 3803 1327 3867 qui
1344 3807 1516 3854 controuer-

997 3892 1066 3941 siam
1085 3896 1232 3952 moueaut,
1251 3905 1334 3955 quam
1352 3893 1448 3953 ipsum
1469 3890 1516 3939 de·

1001 3979 1112 4029 trituram
1135 3983 1269 4043 spectare.
1314 3978 1453 4044 Alioquin
1476 3983 1518 4027 ts-

1000 4069 1121 4118 sttmonts‘
1142 4068 1204 4119 iooo
1228 4067 1415 4131 fragmentum
1441 4067 1517 4118 iilud

1000 4158 1194 4215 aestimarem,
1225 4170 1280 4207 non
1306 4156 1436 4220 ssstipits
1467 4156 1518 4208 ad·

1001 4258 1185 4296 numerarem.
