3352 5276
452 502 513 565 15⁰
570 497 665 600 Gap.
689 500 722 575 1.
774 496 837 573 De
863 501 948 573 ture
970 520 1131 571 causaue
1158 494 1421 583 Quinctianae.

291 700 430 810 :¹3:3¹2ss
449 709 564 759 uocem
597 708 732 755 rucuma
759 688 922 757 formulae
953 706 984 772 q.
1006 686 1038 751 d.
1059 705 1089 753 a.
1110 688 1213 752 inseri
1235 689 1289 752 ius
1310 706 1403 772 esse,
1439 705 1510 755 num

292 815 369 865 ΝΜ·
451 815 525 899 quis
549 811 635 877 adeo
658 829 772 876 amens
799 811 936 894 fuisset,
968 813 1005 874 ut
1034 809 1193 891 Fabium,
1225 810 1280 893 qut
1311 809 1509 876 tribunorum

449 936 652 1001 auctoritate
682 934 828 998 munitus
855 931 1025 1015 iudicium,
1056 932 1121 996 nisi
1154 929 1308 996 defensio
1329 931 1387 996 iiia
1408 930 1511 998 adde-

449 1061 561 1143 retur,
596 1056 751 1141 accipere
783 1055 1027 1140 recusauisset‚
1062 1056 1156 1119 recte
1189 1051 1311 1119 iudicio
1341 1051 1510 1119 defensum

451 1196 528 1244 esse
550 1184 711 1267 negaret,
741 1194 879 1261 cumque
901 1173 978 1241 duci
999 1193 1020 1241 a
1047 1174 1098 1241 Μ.
1120 1173 1231 1240 'l'uliio
1253 1177 1312 1240 aut
1334 1175 1422 1241 bona
1444 1178 1512 1240 eius

451 1299 615 1385 possideri
638 1297 804 1383 uendiqae
826 1300 984 1383 oportere
1005 1289 1207 1363 statueret?

514 1447 613 1515 Unde
645 1450 855 1534 perspicuum
883 1448 952 1531 est,
985 1448 1019 1509 in
1049 1443 1196 1528 Quinctii
1225 1464 1356 1532 qaoque
1379 1465 1513 1532 caussa,

452 1569 625 1636 dummodo
648 1570 771 1635 tribuni
795 1568 904 1654 piebis
925 1566 1064 1635 decreto
1085 1588 1147 1635 suo
1175 1573 1379 1656 negassent,
1411 1570 1515 1633 satis-

452 1692 524 1758 dari
547 1695 723 1777 oportere,
744 1692 967 1776 auxiliumque
989 1710 1083 1755 suum
1099 1693 1348 1776 promisissent,
1369 1691 1424 1755 uei
1439 1689 1515 1755 inde

452 1814 631 1882 secandum
653 1815 736 1880 iuris
757 1814 896 1879 formam
918 1812 1177 1899 iudiciorumque
1202 1812 1349 1879 ordinem
1377 1813 1515 1898 appari-

452 1940 561 2002 turum
584 1937 707 2023 fuisse,
728 1937 839 2021 inique
861 1934 1058 2002 Praetorem
1081 1934 1290 2019 decreuisse,
1318 1937 1412 2002 recte
1434 1953 1516 2000 uero

452 2058 613 2125 Alienum
640 2056 842 2124 defendisse.
1433 2064 1437 2073 ’

516 2193 594 2267 Sint
615 2201 682 2265 ista
702 2218 801 2283 uera,
834 2202 999 2284 quatenus
1020 2204 1059 2266 to
1080 2204 1156 2266 iure
1178 2203 1351 2265 communi
1371 2215 1517 2263 uersan-

453 2325 518 2386 tur.
569 2320 622 2388 Ne
651 2319 797 2402 Quinctii
827 2320 957 2406 quidem
980 2339 1101 2387 caussa
1122 2323 1338 2411 repugnabo,
1371 2322 1518 2387 sirecte

453 2462 491 2509 se
512 2442 674 2524 habeant,
696 2461 784 2531 qaae
808 2437 976 2508 Cicerone
997 2444 1083 2509 duee
1105 2462 1152 2508 ec
1171 2441 1270 2527 facto
1292 2440 1409 2508 adbuc
1430 2461 1519 2528 sup·

452 2556 734 2654 ponebantur¹⁷).
790 2564 905 2650 Atque
935 2562 1000 2631 boc
1029 2567 1081 2629 est
1110 2563 1198 2651 quod
1224 2567 1326 2629 antea
1348 2564 1519 2644 concessi,

453 2687 611 2752 iniirmius
633 2687 779 2752 fortasse
800 2687 1005 2761 contrarium
1027 2684 1108 2750 iliud
1131 2686 1305 2751 Hortensii
1333 2703 1521 2774 argumen-

452 2813 521 2874 tum
537 2809 660 2895 fuisse,
675 2807 827 2873 modone
843 2810 943 2894 piane
957 2807 1134 2873 absurdum
1151 2807 1297 2874 iudicare
1312 2808 1464 2873 uolueris
1474 2801 1522 2886 18).

517 2928 604 3013 Quid
627 2920 822 3019 auicm‘tsi
845 2932 943 2995 etiam
969 2931 1172 2996 uerissimum
1198 2919 1327 2996 fuerit?
1358 2929 1432 2993 siue
1455 2928 1522 3012 ad7

453 3053 583 3118 modum
597 3055 708 3117 tamen
724 3041 924 3136 probabile?
945 3052 1048 3116 mulio
1062 3052 1180 3116 saltem
1200 3050 1405 3136 probabilius
1422 3069 1522 3137 quam

396 3224 399 3229 .
454 3172 564 3239 adbuc
584 3164 765 3259 apparuit?

518 3313 607 3379 Nihii
635 3317 761 3379 temere
788 3312 959 3379 affirmabo
989 3311 1031 3378 de
1058 3331 1113 3399 re,
1150 3314 1295 3397 quaein
1323 3313 1524 3379 coniectura

455 3440 625 3525 uersatur,
654 3454 763 3522 neque
784 3436 851 3501 alia
872 3435 1003 3500 ratione
1025 3435 1212 3500 consistere
1234 3438 1365 3520 potest,
1395 3437 1462 3499 nisi
1486 3436 1525 3498 ut

454 3560 488 3623 in
521 3560 662 3623 animum
694 3557 903 3644 inducamus,
936 3557 1130 3623 Ciceronem
1159 3575 1232 3623 cum
1262 3558 1296 3621 in
1325 3558 1526 3622 narratione

455 3683 523 3745 tum
544 3680 579 3744 in
600 3679 850 3745 confirmatione
867 3698 927 3747 sua
943 3698 1009 3744 uno
1025 3682 1118 3745 certe
1133 3679 1208 3745 loco
1222 3682 1362 3765 propter
1376 3695 1525 3745 caussae

456 3804 632 3891 angustias
651 3803 790 3866 uersuta
812 3802 919 3895 magis
941 3819 1037 3886 quam
1060 3820 1103 3866 ex
1125 3803 1269 3867 ueritate
1291 3802 1420 3890 egisse,
1452 3801 1526 3866 fal-

456 3941 527 3988 sam
548 3924 598 3988 rci
618 3926 739 4012 gestae
761 3924 905 4008 speciem
928 3922 1099 3988 effinxisse
1119 3922 1387 4009 audientiumque
1401 3922 1529 3988 animis

458 4045 632 4112 obiecisse.

491 4277 537 4331 17>
557 4278 623 4327 Vide
642 4291 722 4341 supra
743 4291 768 4340 p·
784 4277 845 4326 idi.
862 4284 916 4326 noi.
931 4277 958 4326 6.
1053 4275 1098 4338 18)
1118 4290 1143 4340 p.
1165 4276 1225 4331 itt.

457 4373 483 4418 et
501 4381 527 4431 p.
547 4367 607 4419 1⁴9.
628 4373 684 4417 noi.
706 4365 749 4415 15.
