3310 5280
370 490 372 494 ⁵
424 512 484 574 180
531 507 625 610 cap.
651 509 686 583 1.
740 506 801 582 De
825 513 911 583 iare
936 531 1097 584 cuassoc
1125 490 1414 595 erinelionoe.‘³

256 715 384 756 omum·
420 701 501 766 iacti
530 699 593 765 tide
619 702 745 766 eertum
767 691 887 785 est²⁶)‚
922 717 1048 786 neque,
1079 700 1109 764 si
1131 699 1270 765 maxime
1292 703 1403 783 esset,
1438 699 1483 765 ad

251 773 387 871 :3:⁸⁰⁹
419 821 628 888 efficiendum
649 819 730 885 iliud
753 819 796 885 de
818 839 884 905 quo
905 822 1038 909 agitur,
1059 819 1216 886 uidelicet
1235 834 1282 886 'ue
1303 818 1483 887 Naeuium

418 943 557 1029 quidem
584 962 631 1008 em
659 940 791 1007 Edicto
822 942 1001 1030 possidere
1027 945 1200 1033 potuisse,
1233 945 1292 1007 aut
1320 943 1391 1007 iure
1424 945 1482 1007 aut

418 1068 550 1131 ratione
572 1064 725 1130 idoneum
746 1062 927 1129 uideretur,

483 1185 616 1272 Quippe
644 1190 681 1251 ut
710 1184 752 1251 de
788 1185 932 1252 caeteris
963 1186 1109 1271 taceam,
1146 1187 1261 1269 ecquis
1292 1185 1483 1270 mirabitur,

420 1311 582 1375 neminem
609 1307 771 1375 accedere
799 1307 947 1371 uoluisse
973 1303 1016 1371 ad
1045 1305 1206 1371 eiusmodi
1235 1308 1481 1391 possessionem

420 1432 597 1517 bonorum,
628 1448 712 1515 quae
742 1428 912 1494 acerrimis
939 1427 1211 1492 contentionibus
1235 1445 1256 1492 a
1277 1429 1382 1512 primo
1403 1425 1482 1491 inde

418 1556 575 1642 ingressu
596 1553 782 1637 implicata,
803 1569 871 1615 non
893 1549 975 1613 iuris
996 1549 1101 1612 solum
1124 1546 1370 1633 disceptatione
1392 1547 1482 1633 apud

420 1684 534 1740 omnes
554 1675 787 1762 magistratus,
811 1689 925 1736 uerum
949 1670 1046 1734 etiam
1069 1671 1220 1734 manibus
1242 1668 1481 1754 quodammodo

419 1804 453 1862 et
475 1796 638 1861 aduersus
658 1792 855 1860 seditionem
876 1790 1090 1859 defendenda
1111 1811 1152 1860 ac
1173 1812 1279 1879 prope
1295 1793 1401 1863 dicam
1417 1813 1481 1859 ex-

419 1915 602 2006 pugnanda
625 1909 770 1994 esset²⁷).

483 2075 590 2141 Porro
612 2074 655 2140 de
677 2076 777 2139 tertio
799 2075 893 2159 loco,
926 2094 991 2159 quo
1018 2075 1052 2137 in
1076 2075 1171 2139 bonis
1192 2074 1309 2140 Alieni
1332 2072 1480 2140 emendis

418 2197 567 2264 Naeuius
594 2198 718 2262 socium
747 2195 890 2261 edidisse
912 2193 1101 2277 Quinctium
1123 2195 1247 2281 fertur,
1283 2196 1394 2262 breuis
1417 2197 1481 2260 erit

420 2319 603 2404 disputatio
625 2320 751 2382 nostra
792 2317 875 2383 Nam
898 2319 1027 2402 inipso
1058 2318 1209 2382 oratione
1237 2315 1322 2381 adeo
1349 2316 1482 2382 breuis-

419 2441 501 2506 sime
524 2458 564 2505 ea
585 2458 642 2505 res
663 2442 829 2505 tractatur
851 2442 885 2504 ct
905 2440 999 2525 quasi
1015 2439 1124 2505 obiter
1138 2441 1265 2503 tantum
1281 2432 1482 2525 iniicitur²⁸),

452 2684 499 2740 26)
523 2698 549 2734 o.
580 2682 624 2734 23.
681 2683 736 2733 «ln
766 2682 922 2732 huiusmodi

419 2772 618 2835 «sponsionem
647 2777 729 2822 testas
755 2772 821 2822 dare
843 2784 922 2834 opor·

978 2682 1095 2741 iudicio,
1118 2692 1208 2744 neque
1226 2679 1339 2729 omnino
1358 2679 1481 2741 probabi·

978 2771 1043 2821 iem.
1079 2771 1147 2820 Nam
1174 2768 1209 2818 ad
1236 2768 1320 2818 uerba
1349 2767 1406 2819 «Et
1421 2782 1482 2819 eura

419 2862 515 2911 oiebai
532 2876 563 2911 ex
581 2875 614 2911 eo
633 2874 766 2922 numero,
786 2860 834 2924 qui
852 2859 922 2909 haec

419 2950 580 2999 adicerent:
600 2949 788 2998 uadimonium
797 2948 863 2998 mihi
877 2949 922 2998 de·

417 3039 541 3088 oseruii:
560 3050 603 3088 me
617 3036 770 3087 iraudauit:
793 3050 863 3086 ame
874 3050 921 3086 no·

420 3126 522 3176 ominis
533 3127 606 3185 eius,
619 3127 689 3190 quod
701 3126 828 3175 infitiatus
838 3130 919 3185 esset,

418 3214 514 3264 odiam
531 3215 640 3277 petiuit:
660 3227 711 3277 ego
730 3215 846 3277 experiri
865 3228 920 3264 non

416 3304 533 3366 opoiui:
557 3302 689 3353 iaiitauit:
716 3311 921 3367 procuratorem

420 3391 549 3442 «nulium
573 3390 692 3454 reliquit.
728 3391 833 3440 Horum
853 3391 919 3440 nihil

418 3482 550 3531 adicitur.
570 3479 709 3529 Parantur
717 3483 792 3529 testes
804 3481 851 3542 qui
858 3480 920 3529 daeo

416 3571 538 3620 vinlidunt.
566 3568 682 3628 Verum,
707 3569 820 3630 opinor,
847 3568 921 3617 uide·

417 3660 539 3717 orimus,
559 3671 642 3722 quum
661 3657 814 3716 dixerini»;
834 3656 885 3706 rel.

452 3747 496 3802 27)
516 3747 583 3795 Vide
604 3758 685 3808 supra
712 3743 740 3806 §-
759 3745 785 3795 ’1.
811 3759 837 3809 ρ,
858 3744 919 3800 118.

419 3831 448 3895 ὃ.
469 3834 493 3881 1.
522 3848 548 3905 p.
571 3834 615 3883 al.
643 3830 671 3896 d.
698 3833 724 3882 8.
751 3848 777 3896 p.
805 3833 865 3884 155.
894 3847 920 3896 p.

420 3921 480 3972 158.
501 3935 558 3984 seq.

454 4009 500 4068 28)
524 4009 583 4071 Qua
613 4009 801 4060 obseruatione
841 4010 921 4060 uideo

421 4097 537 4148 lisoium
565 4098 585 4147 l.
611 4097 630 4146 i.
657 4113 682 4161 p.
702 4098 745 4147 8d.
774 4099 842 4148 adeo
863 4112 923 4162 per·

422 4192 524 4238 molum
549 4200 624 4248 essa,
655 4193 685 4237 ui
711 4189 792 4237 etiam
812 4189 840 4237 in
859 4200 923 4237 eon·

422 4277 554 4326 iecturam
584 4276 681 4325 abduci
712 4289 739 4325 se
765 4289 858 4338 passus
889 4276 924 4326 sit

420 4378 512 4429 neque
522 4366 719 4425 neeessariam,
738 4376 799 4414 meo
813 4364 922 4428 quidem

979 2859 1102 2908 «iudicio
1122 2891 1130 2905 .
1152 2890 1159 2905 .
1181 2890 1188 2904 .
1215 2856 1410 2905 arbitrabare»
1442 2859 1479 2916 (e.

977 2947 1033 3004 24.)
1058 2948 1097 2997 sio
1128 2953 1220 2998 notat:
1251 2946 1406 3009 «Equidem
1436 2945 1480 2996 hic

978 3036 1132 3100 «quaedam
1151 3036 1320 3086 intercidisse
1339 3036 1478 3098 suspicor:

979 3138 1066 3174 onom
1083 3137 1139 3172 non
1155 3124 1276 3174 credibile
1288 3128 1341 3182 ert,
1361 3126 1416 3171 tom
1429 3121 1481 3170 cito

979 3213 1069 3263 oldad
1087 3221 1274 3276 arqumentam
1290 3210 1428 3274 reliquisse
1441 3208 1481 3257 Ci-

978 3315 1137 3356 «ceronem,
1170 3302 1242 3367 quod
1267 3302 1415 3365 plurimum
1442 3298 1481 3348 ia-

978 3392 1105 3453 «ciebat,
1133 3396 1163 3440 ut
1190 3392 1246 3454 ipse
1266 3390 1383 3440 Naeuius
1402 3402 1480 3437 suam

978 3479 1199 3543 «possessionem
1218 3479 1297 3529 nihili
1316 3478 1399 3528 luisse
1413 3477 1480 3526 iudi-

978 3567 1265 3617 recreandarum.»
1286 3591 1314 3604 —
1337 3567 1421 3616 Pione
1434 3579 1481 3614 au·

976 3661 1031 3706 iem
1062 3657 1137 3706 nulio
1175 3668 1289 3706 numero
1324 3655 1480 3705 habendum

977 3745 1050 3808 quod
1076 3744 1255 3795 confirmandi
1283 3758 1378 3793 caussa
1390 3802 1394 3805 ⁸
1406 3742 1480 3792 addi·

978 3832 1034 3882 dit:
1065 3834 1182 3898 «Neque
1201 3839 1361 3897 sequentem
1379 3832 1480 3894 gravis·

979 3922 1097 3973 «simam
1123 3923 1332 3986 disputationem
1357 3928 1411 3971 iam
1435 3920 1482 3969 ab·

979 4016 1095 4073 «rupte,
1126 4017 1156 4060 ui
1174 4012 1241 4061 mihi
1260 4016 1333 4061 cerie
1352 4010 1479 4068 uidetur,

979 4113 1112 4149 «exorsus
1130 4105 1171 4149 est
1185 4100 1290 4162 Cicero,
1311 4112 1393 4162 quam
1406 4110 1480 4146 nuuc

980 4188 1031 4238 «in
1050 4202 1074 4238 c.
1094 4189 1138 4239 81.
1162 4190 1237 4246 (inde
1258 4202 1275 4238 ι
1295 4188 1386 4237 uerbis
1405 4183 1481 4250 11111·

979 4276 1070 4326 delam
1086 4279 1247 4336 mehercule)
1265 4277 1392 4341 legitur.»
