3420 5280
1285 518 1323 564 x!

333 663 474 766 Quippe
500 664 537 735 in
560 660 632 739 hoc
655 661 854 736 litterarum
879 631 1018 760 genere
1036 652 1195 738 colendo
1213 660 1323 736 talem

256 821 412 898 arbitror
437 843 525 898 esse
551 822 657 895 huius
684 822 814 896 aetatis
842 818 1010 895 ardorem
1036 819 1142 893 simul
1167 844 1212 897 ac
1234 845 1322 920 gra-

254 983 425 1072 uitatem,
465 986 504 1055 ut
530 977 578 1053 ad
604 980 879 1055 commentarios
907 976 1074 1054 edendos
1102 980 1162 1078 qui
1190 977 1325 1054 leuiter

256 1146 294 1213 et
318 1163 442 1241 parum
468 1139 634 1214 instructi
661 1137 910 1240 prosilierint,
937 1139 1003 1212 uix
1027 1138 1171 1239 possint
1195 1161 1323 1212 uanam
1377 1166 1384 1179 ¹

254 1296 430 1398 quandam
447 1299 638 1412 uniusque
675 1295 752 1372 diei
788 1295 980 1396 gloriolam
1013 1295 1110 1399 apud
1135 1298 1322 1399 imperitos

254 1456 325 1532 sibi
351 1480 584 1559 comparare3
622 1452 681 1556 qui
716 1464 835 1531 autem
861 1455 958 1532 bene
984 1454 1033 1530 de
1058 1453 1226 1533 Auctore
1253 1480 1321 1532 suo

253 1619 384 1692 mereri
411 1614 626 1714 solidaeque
652 1613 772 1690 laudis
797 1614 951 1691 fructum
982 1636 1116 1716 capere
1142 1613 1320 1708 uoluerit,

254 1777 313 1864 ei,
356 1783 395 1848 ut
425 1772 582 1849 absoluti
608 1771 745 1873 aliquid
771 1781 879 1872 atquc
906 1774 943 1847 in
969 1796 1037 1848 suo
1064 1794 1205 1873 genere
1230 1797 1319 1876 per·

253 1933 343 2010 fecti
368 1910 644 2035 repraesentet,
685 1930 891 2007 enitendum
927 1934 1092 2032 omnique
1128 1956 1241 2036 opera
1276 1958 1321 2011 ac

252 2091 377 2169 studio
418 2089 675 2168 elaborandum
709 2094 769 2166 sit.
821 2090 866 2166 ld
904 2114 995 2167 uero
1034 2095 1101 2185 [ne
1138 2091 1320 2168 duriorem

252 2250 382 2327 uidear
408 2277 512 2352 quum
539 2253 696 2328 caeteris
722 2258 795 2325 tum
817 2251 1046 2353 mihimetipsi
1063 2250 1185 2352 legem
1201 2253 1318 2354 impo-

252 2412 395 2502 suisse]
423 2407 471 2483 ad
496 2411 634 2509 ingenii
656 2408 799 2485 modum
820 2412 936 2509 quiuis
962 2417 1152 2512 praestare
1171 2414 1318 2513 poterit,

252 2593 359 2666 quum
389 2570 503 2668 primo
530 2589 605 2640 rem
631 2565 744 2664 longe
771 2565 904 2666 diuque
931 2589 1055 2641 secum
1080 2565 1320 2659 uolutauerit,

253 2722 391 2798 deiude
416 2746 490 2798 nou
514 2721 623 2797 modo
652 2735 800 2817 eorum,
844 2724 903 2823 qui
931 2728 1038 2798 autea
1072 2726 1320 2826 scripserunt,

252 2887 454 2958 sententias
468 2883 702 2982 cognouerit,
720 2904 844 2957 uerum
863 2885 970 2958 etiam
984 2883 1206 2984 aequalium,
1224 2909 1318 2985 quo·

252 3040 299 3117 ad
319 3044 399 3118 eius
417 3041 498 3117 fieri
517 3049 662 3144 potest,
691 3040 926 3118 uoluntariam
944 3067 1050 3146 opem
1074 3045 1318 3146 auxiliumque

251 3201 322 3277 sibi
349 3201 611 3278 conciliauerit.

331 3433 436 3511 Ecce
454 3436 601 3536 primam
619 3459 803 3537 caussam,
828 3459 920 3537 quac
938 3436 985 3512 ad
1003 3435 1207 3514 Semestria
1224 3437 1318 3517 haec

252 3577 447 3671 scribenda
472 3617 529 3669 me
555 3594 704 3696 impulit.
755 3593 850 3668 Nam
877 3620 981 3695 quum
1010 3598 1049 3669 in
1073 3597 1178 3673 hisce
1204 3596 1314 3673 libel·

252 3750 305 3827 lis'
326 3752 580 3829 subtilissimas
607 3776 767 3854 quasque
794 3777 838 3830 ac
864 3720 1095 3830 difficillimas
1127 3722 1314 3856 quaestio·

251 3936 318 3988 nes
356 3913 543 4014 protulero
580 3911 847 4013 diligenterque
886 3921 1180 4016 pertractaucro,
1222 3915 1315 3992 duas

252 4093 312 4145 res
340 4094 449 4172 opero
471 4096 528 4147 me
555 4079 801 4149 assecuturum
828 4072 937 4149 ualde
965 4074 1169 4177 optabiles,
1198 4100 1313 4168 unam,

253 4234 292 4301 ut
318 4252 413 4304 noua
438 4232 593 4307 uirorum
620 4231 809 4310 doctorum
833 4241 1032 4311 commenta
1054 4242 1160 4335 atque
1181 4234 1316 4311 iudicia
1356 4306 1358 4310 .
