3352 5276
253 518 290 594 §-
320 509 358 579 9.
399 502 580 603 Defensio
596 507 637 576 in
653 510 786 602 portes
801 506 975 602 locosque
991 500 1150 604 diffusio.
1192 502 1252 565 175

190 695 318 760 Romae
340 694 470 780 quidem
492 690 669 775 Quinctius
690 693 811 776 tuerit,
832 691 866 756 id
888 691 977 775 quod
1000 692 1254 757 honestissimo·
1273 717 1323 757 ν...
1338 720 1408 768 μή...

189 836 261 880 rum
282 817 427 880 uirorum
449 815 648 880 testimoniis
669 813 802 899 planum
824 816 870 879 sit
891 808 1095 892 iuturum¹¹).
1287 774 1356 815 ”⁰⁰⁰⁸
1371 775 1395 811 '¹'

253 993 431 1057 Enimuero
454 991 541 1057 hanc
563 1010 695 1077 quoque
716 990 1040 1080 argumentationem
1062 992 1137 1074 ipsa
1159 1009 1256 1056 com-

188 1115 352 1199 plexione
382 1133 444 1178 sua
471 1116 543 1179 siue
574 1114 793 1179 conclusione
822 1114 942 1180 misere
975 1110 1165 1179 claudicare
1201 1131 1258 1177 res

189 1236 264 1320 ipsa
286 1234 446 1300 declarat.
497 1235 580 1299 Nam
611 1238 648 1297 ut
677 1234 795 1298 falsum
817 1232 997 1319 aliquando
1019 1232 1170 1298 Naeuius
1192 1254 1258 1297 ua-

190 1356 323 1422 dimonii
355 1357 507 1440 promissi
535 1355 621 1421 diem
642 1356 732 1419 inter
760 1358 907 1440 parietes
935 1357 1165 1443 interrogatus
1194 1352 1258 1418 de-

190 1478 442 1565 monstrauerit‚
470 1479 590 1562 quouis
611 1479 737 1541 erroris
762 1496 889 1566 genere
912 1477 1043 1560 lapsus,
1067 1477 1120 1561 qui
1145 1478 1258 1560 potest

190 1600 268 1666 inde
290 1599 425 1684 confici,
456 1618 498 1664 ne
521 1600 586 1663 alio
610 1598 739 1683 quidem
763 1598 817 1663 die
838 1598 907 1662 ulio
931 1596 1258 1689 uadimoniumhcon-

191 1723 334 1787 tractum
365 1721 496 1804 fuisse,
530 1723 625 1784 immo
658 1719 835 1785 uadimonii
866 1694 932 1785 tam
963 1719 1130 1785 contracti
1162 1736 1258 1803 quam

192 1842 317 1908 deserti
359 1843 559 1907 mentionem
602 1861 729 1907 omnem
766 1841 885 1906 iaisam
927 1839 1078 1906 funditus
1117 1858 1259 1905 uanam-

193 1983 257 2051 que
288 1956 391 2030 esse?

254 2133 327 2198 Nee
360 2130 484 2196 firmius
512 2118 670 2195 uidentur
699 2150 788 2220 qaae
820 2128 913 2216 facit
942 2135 1026 2198 suat
1061 2131 1258 2197 consistere.

190 2254 348 2320 Nimirum
378 2258 415 2317 ut
448 2257 594 2338 taceam,
632 2256 815 2340 oratorem,
851 2256 907 2339 qui
943 2256 1123 2337 tantopere
1152 2255 1261 2318 testes

192 2396 272 2442 suos
300 2377 404 2442 iactet
435 2377 469 2439 in
496 2393 534 2440 rc
556 2392 620 2439 neo
642 2374 758 2456 dubia,
799 2377 903 2461 puto,
936 2393 998 2440 nee
1020 2378 1260 2454 controuerso,

192 2498 413 2582 profectionis
434 2498 565 2563 scilicet
586 2495 656 2583 die,
677 2515 747 2559 non
768 2495 866 2560 modo
889 2498 997 2560 testes
1018 2494 1080 2561 sed
1103 2513 1145 2560 ne
1162 2497 1260 2560 aliam

194 2618 324 2702 quidem
351 2636 421 2681 rem
451 2618 550 2681 ullam
579 2616 723 2709 afferre,x
754 2592 843 2681 unde
871 2617 1005 2701 pianum
1027 2616 1104 2703 dat,
1140 2634 1261 2681 reuera

193 2738 355 2804 Naeuium
385 2738 505 2803 faisum
536 2738 625 2802 iilum
656 2736 833 2802 uadimonli
863 2739 1029 2804 contracti
1058 2736 1144 2802 diem
1176 2756 1260 2822 pro·

194 2860 395 2946 nunciasse3
431 2859 512 2925 iilud
541 2863 635 2926 certe
663 2878 766 2944 supra
795 2857 951 2926 docuisse
977 2857 1055 2923 mihi
1076 2851 1260 2944 uideorw),

193 2982 278 3045 satis
305 2982 502 3046 instructum
529 2979 706 3045 uadimonii
730 2985 904 3048 constructi
933 2980 1141 3047 documentis
1166 2981 1261 3047 Nae-

195 3104 282 3166 uium
307 3102 431 3186 fuisse,
467 3105 586 3168 contra
608 3100 690 3166 nihil
711 3104 865 3188 proponi,
887 3121 952 3188 quo
982 3107 1158 3169 remisisse
1179 3101 1261 3168 iilud

195 3224 415 3289 uadimonium
437 3223 523 3288 idem
545 3225 813 3290 conuineeretur.

258 3346 299 3410 ln
321 3364 446 3410 summa
466 3363 606 3431 censeo,
628 3345 835 3441 ne‘aIterurn
854 3344 984 3431 quidem
1007 3348 1133 3432 primae
1155 3349 1262 3432 partis

194 3469 303 3533 iocum
325 3485 387 3532 sua
408 3469 443 3529 ut
464 3485 505 3533 ac
527 3470 698 3551 potestate
716 3463 760 3531 ad
775 3466 981 3551 probandam
996 3464 1142 3548 Quinctii
1159 3485 1262 3559 sauss

196 3607 266 3654 sam
287 3588 444 3654 ualuisse.
498 3585 593 3669 Quae
621 3589 769 3653 fortusse
799 3589 946 3671 suspicio
975 3587 1017 3654 de
1046 3606 1146 3659 ease
1167 3589 1262 3655 nasei

196 3710 286 3794 apud
307 3708 448 3776 iudicem
471 3711 639 3799 potuerit,
667 3711 722 3795 qui
744 3709 843 3774 fauor
863 3707 942 3774 inde
965 3707 1122 3791 Quinctio
1144 3711 1262 3778 conci-

197 3831 292 3914 liari,
323 3849 408 3916 quae
440 3830 584 3916 denique
611 3833 793 3916 aequitatis
823 3833 911 3925 ratio
940 3829 987 3898 ad
1016 3833 1100 3898 alias
1120 3850 1262 3899 caussae

198 3954 314 4036 partes
335 3950 479 4018 deriuari
506 3958 541 4018 ct
570 3951 811 4038 quodammodo
834 3953 1011 4022 transferri
1018 3973 1030 4038 3
1065 3952 1100 4019 id
1121 3973 1203 4021 uero
1226 3958 1263 4020 ut

234 4260 278 4317 11)
298 4272 322 4306 o.
343 4257 386 4305 18.
759 4257 876 4322 t8.‚*§.
896 4261 922 4310 2.
944 4276 968 4324 p.
989 4262 1053 4321 di,
1075 4258 1103 4321 ὃ.
1123 4261 1150 4310 le.
1172 4276 1197 4324 p.
1218 4260 1261 4310 85.

236 4344 279 4408 12)
300 4346 403 4395 videsis
421 4343 449 4406 δ.
470 4346 496 4395 8.
518 4360 543 4408 p.
564 4348 624 4396 168.
646 4355 701 4397 not.
760 4362 817 4412 seq.
