3310 5280
422 472 481 535 192
537 467 632 570 Cap.
656 472 689 545 1.
741 469 803 544 De
829 473 914 545 iure
936 492 1097 545 caussae
1123 468 1387 557 Quinctianae.

249 669 396 765 ,⁰2:⁶33ss
419 680 517 726 unum
539 660 618 747 hoc,
655 664 707 743 ut,
744 663 911 746 quatenus
932 663 1163 726 controuersia
1185 664 1257 749 est,
1291 659 1375 726 ines
1396 663 1485 725 inter

298 783 302 792 '
417 784 569 872 singulas
591 780 797 849 detensionis
819 784 935 867 partes
956 784 1129 870 regantur.

480 943 575 1007 Inter
597 943 732 1028 primam
761 939 891 1026 quidem
919 942 953 1005 et
983 938 1163 1007 secundam
1192 939 1272 1006 nihii
1294 942 1484 1030 ambigitur.

418 1064 564 1131 'l'crtiam
594 1082 674 1128 uero
696 1065 850 1148 partem,
884 1079 980 1147 quam
1011 1080 1073 1126 uos
1100 1063 1255 1127 amissam
1282 1081 1356 1127 esse
1379 1067 1481 1127 totum

343 1206 346 1215 ’
418 1185 577 1271 diximus,
610 1183 740 1270 quidum
763 1186 810 1250 ita
832 1184 1101 1269 constituerunt,
1136 1185 1173 1247 ut
1194 1201 1215 1248 a
1237 1182 1385 1249 secunda
1406 1184 1483 1268 pius

418 1309 524 1372 minus
552 1308 754 1392 auellerent,
795 1323 900 1390 eaque
923 1305 1054 1370 ratione
1076 1305 1220 1389 priorem
1242 1305 1363 1370 tertiae
1385 1304 1483 1370 dimi-

419 1427 504 1493 diam
526 1428 651 1493 saluam
674 1446 767 1512 esse,
790 1430 940 1492 extrema
961 1429 1089 1491 tuntum
1111 1428 1223 1510 capita
1242 1428 1390 1492 interiise
1405 1430 1484 1492 exi-

418 1552 602 1617 siimurent.

482 1668 546 1751 Qut
569 1673 726 1737 auctores
754 1689 852 1755 quum
881 1671 965 1735 satis
994 1671 1087 1734 muiti
1109 1673 1177 1737 sint
1199 1689 1261 1738 nec
1283 1674 1382 1736 unius
1402 1689 1484 1736 sae-

419 1793 495 1882 cuii,
517 1796 617 1878 atque
632 1792 694 1876 ipsi
712 1793 810 1857 etiam
823 1793 912 1855 iuter
926 1809 963 1856 sc
979 1792 1071 1856 uarie
1085 1791 1333 1877 dissentientes,
1347 1795 1483 1858 ratissi-

419 1934 503 1978 mum
526 1916 606 2001 erit,
628 1915 726 1978 unius
742 1911 911 1978 cuiusdam
927 1916 1090 1978 rationem
1105 1916 1269 1979 curiosius
1282 1916 1484 1998 examinare,

419 2053 485 2120 qua
506 2036 643 2122 cognita
664 2035 798 2100 facilius
820 2040 976 2101 caeterae
999 2036 1229 2121 expedientur.

482 2191 637 2259 Raecium
658 2192 791 2282 deligo,
811 2197 847 2258 ut
870 2195 924 2280 qui
948 2212 990 2260 ex
1013 2194 1167 2279 professo
1189 2212 1230 2260 uc
1247 2193 1426 2283 diiigenter
1440 2193 1485 2260 de

421 2317 507 2380 omui
529 2313 593 2382 hac
616 2316 796 2400 partitione
818 2310 1071 2394 tructauerit⁵¹).

482 2437 545 2502 Iiie
580 2454 661 2501 uero
695 2437 785 2502 inter
821 2437 1002 2503 secundam
1042 2440 1241 2524 tertiamque
1274 2442 1401 2523 partem
1434 2442 1485 2505 sic

419 2558 592 2624 terminum
622 2560 754 2643 posuit,
790 2561 827 2622 ut
856 2577 899 2624 ne
929 2559 1018 2624 ultra
1047 2562 1149 2645 caput
1178 2561 1340 2626 orationis
1367 2559 1485 2626 XXII.

419 2681 572 2747 aecurcda
595 2682 844 2768 porrigeretur,
882 2683 1025 2765 quinque
1048 2685 1157 2746 autem
1180 2682 1227 2746 iiii
1250 2684 1332 2769 loci,
1365 2684 1485 2767 quibus

420 2821 482 2867 uos
504 2818 575 2866 eum
597 2802 845 2889 constituimus,
867 2803 958 2866 nullo
981 2809 1213 2888 praeterquam
1234 2807 1339 2889 primo
1354 2806 1485 2891 relicto,

420 2925 549 2988 tertiae
571 2942 684 2988 omnes
705 2921 986 2988 adiudicarentur.

483 3041 571 3125 Quid
593 3062 676 3134 ergo
699 3035 780 3109 est?
808 3039 937 3110 Caussa
960 3047 1032 3112 eius
1053 3046 1273 3112 dissensionis
1294 3049 1485 3114 uniuersam

420 3166 611 3250 partitionis
631 3167 793 3230 rationem
814 3166 1036 3250 amplectitur.
1078 3166 1183 3249 Quam
1203 3188 1299 3254 quum
1322 3188 1386 3235 nos
1408 3173 1485 3255 qui-

420 3283 495 3351 dem
517 3287 616 3351 talem
637 3287 744 3352 fuisse
759 3285 1073 3373 demonstrauimus,
1095 3292 1132 3353 ut
1150 3287 1192 3353 ad
1209 3293 1264 3355 ius
1283 3291 1486 3376 possidendi

420 3425 500 3493 pars
511 3407 659 3473 secunda
671 3409 865 3494 pertineret,
881 3409 981 3474 tertia
993 3406 1131 3493 sactum
1143 3415 1382 3497 possessionis,
1396 3411 1485 3497 quod

419 3547 544 3596 uocare
565 3530 725 3614 solemus,
754 3534 945 3617 spectaret3
973 3534 1092 3597 contra
1115 3530 1252 3598 Bauius
1274 3535 1485 3619 caeterique,

421 3653 475 3735 qui
515 3653 550 3716 in
590 3650 676 3718 hane
713 3654 914 3718 sententiam
952 3650 1179 3718 discesserunt
1188 3648 1248 3740 ⁵²),
1285 3656 1389 3720 uerba
1427 3656 1484 3721 iiia

422 3774 566 3838 oratoris

455 4060 501 4117 51)
527 4059 922 4127 1.1.p.aa-35.etp.8‘1.
980 4063 1055 4130 id),
1088 4067 1221 4119 Ostendat
1249 4065 1318 4131 (1.1.
1347 4069 1375 4118 in
1398 4068 1486 4132 Argu·

455 4149 502 4209 52)
528 4150 651 4212 Quorum
688 4163 804 4202 nomem
840 4158 922 4203 sunt:
980 4154 1097 4216 mento);
1121 4181 1148 4192 -
1175 4156 1234 4206 Nic.
1260 4156 1420 4220 Derjmdius
1445 4156 1485 4218 (d.

419 4235 541 4303 Freipius
559 4239 599 4299 (iu
618 4238 667 4288 Ed.
682 4251 764 4302 supra
777 4239 823 4289 cit·
838 4255 863 4304 p.
879 4241 922 4291 36.
980 4243 1028 4293 Ed.
1050 4244 1129 4295 1738.
1150 4247 1178 4294 in
1197 4242 1339 4309 Syuopsi),
1371 4244 1486 4295 Bestius

420 4327 464 4376 io.
479 4325 555 4390 ia),
574 4325 746 4376 Foccioiatus
765 4323 796 4390 (i.
811 4327 829 4375 i.
842 4329 922 4392 pii.
981 4330 1020 4396 (in
1031 4333 1225 4394 Argumenta),
1236 4331 1484 4398 Klotziur(ib.).—
