<?xml version="1.0" encoding="UTF-8"?>
<!DOCTYPE html PUBLIC "-//W3C//DTD XHTML 1.0 Transitional//EN"
    "http://www.w3.org/TR/xhtml1/DTD/xhtml1-transitional.dtd">
<html xmlns="http://www.w3.org/1999/xhtml" xml:lang="en" lang="en">
 <head>
  <title>
</title>
<meta http-equiv="Content-Type" content="text/html;charset=utf-8" />
  <meta name='ocr-system' content='tesseract 3.04.00' />
  <meta name='ocr-capabilities' content='ocr_page ocr_carea ocr_par ocr_line ocrx_word'/>
</head>
<body>
  <div class='ocr_page' id='page_1' title='image "./semestriumadmtu01kellgoog_0136.png"; bbox 0 0 3352 5276; ppageno 0'>
   <div class='ocr_carea' id='block_1_1' title="bbox 218 521 1278 623">
    <p class='ocr_par' dir='ltr' id='par_1_1' title="bbox 218 521 1278 623">
     <span class='ocr_line' id='line_1_1' title="bbox 218 521 1278 623; baseline 0.001 -26"><span class='ocrx_word' id='word_1_1' title='bbox 218 535 255 616; x_wconf 75' lang='lat' dir='ltr'><strong>s.</strong></span> <span class='ocrx_word' id='word_1_2' title='bbox 275 525 312 599; x_wconf 81' lang='lat'><strong>7.</strong></span> <span class='ocrx_word' id='word_1_3' title='bbox 339 523 399 599; x_wconf 73' lang='lat' dir='ltr'><strong>A&#39;.</strong></span> <span class='ocrx_word' id='word_1_4' title='bbox 421 521 486 611; x_wconf 65' lang='grc' dir='ltr'><strong>θ’.</strong></span> <span class='ocrx_word' id='word_1_5' title='bbox 505 524 694 599; x_wconf 76' lang='lat' dir='ltr'><em>absentem</em></span> <span class='ocrx_word' id='word_1_6' title='bbox 710 532 812 597; x_wconf 84' lang='lat' dir='ltr'><strong>recta</strong></span> <span class='ocrx_word' id='word_1_7' title='bbox 829 522 1041 623; x_wconf 81' lang='lat' dir='ltr'><strong>defenderit</strong></span> <span class='ocrx_word' id='word_1_8' title='bbox 1057 548 1184 600; x_wconf 85' lang='lat' dir='ltr'><strong>aecae.</strong></span> <span class='ocrx_word' id='word_1_9' title='bbox 1219 527 1278 589; x_wconf 87' lang='lat'><strong>¹¹7</strong></span> 
     </span>
    </p>
   </div>
   <div class='ocr_carea' id='block_1_2' title="bbox 130 712 1445 804">
    <p class='ocr_par' dir='ltr' id='par_1_2' title="bbox 130 696 1445 804">
     <span class='ocr_line' id='line_1_2' title="bbox 130 712 1445 804; baseline -0.001 -23"><span class='ocrx_word' id='word_1_10' title='bbox 130 798 133 803; x_wconf 23' lang='grc' dir='ltr'>Ι</span> <span class='ocrx_word' id='word_1_11' title='bbox 219 734 321 801; x_wconf 86' lang='lat' dir='ltr'><strong>posse</strong></span> <span class='ocrx_word' id='word_1_12' title='bbox 357 713 580 800; x_wconf 87' lang='lat' dir='ltr'><strong>promittendo</strong></span> <span class='ocrx_word' id='word_1_13' title='bbox 616 712 889 783; x_wconf 88' lang='lat' dir='ltr'><strong>contrahendoue</strong></span> <span class='ocrx_word' id='word_1_14' title='bbox 927 717 1165 804; x_wconf 75' lang='lat' dir='ltr'><strong>obligationem</strong></span> <span class='ocrx_word' id='word_1_15' title='bbox 1200 736 1280 783; x_wconf 91' lang='lat' dir='ltr'><strong>sus-</strong></span> <span class='ocrx_word' id='word_1_16' title='bbox 1309 726 1445 792; x_wconf 55' lang='lat' dir='ltr'><strong>arn-...e</strong></span> 
     </span>
    </p>
   </div>
   <div class='ocr_carea' id='block_1_3' title="bbox 1298 785 1444 824">
    <p class='ocr_par' dir='ltr' id='par_1_3' title="bbox 1298 785 1444 824">
     <span class='ocr_line' id='line_1_3' title="bbox 1298 785 1444 824; baseline 0 0"><span class='ocrx_word' id='word_1_17' title='bbox 1298 785 1375 824; x_wconf 73' lang='lat' dir='ltr'><strong>auum</strong></span> <span class='ocrx_word' id='word_1_18' title='bbox 1406 786 1444 824; x_wconf 79' lang='lat' dir='ltr'><strong>‹io-</strong></span> 
     </span>
    </p>
   </div>
   <div class='ocr_carea' id='block_1_4' title="bbox 219 839 1444 924">
    <p class='ocr_par' dir='ltr' id='par_1_4' title="bbox 219 839 1444 924">
     <span class='ocr_line' id='line_1_4' title="bbox 219 839 1444 924; baseline -0.008 -19"><span class='ocrx_word' id='word_1_19' title='bbox 219 839 342 924; x_wconf 86' lang='lat' dir='ltr'><strong>eipere.</strong></span> <span class='ocrx_word' id='word_1_20' title='bbox 450 848 456 853; x_wconf 83' lang='grc'><strong><em>’</em></strong></span> <span class='ocrx_word' id='word_1_21' title='bbox 1299 841 1444 882; x_wconf 61' lang='lat' dir='ltr'><strong>rasim.</strong></span> 
     </span>
    </p>
   </div>
   <div class='ocr_carea' id='block_1_5' title="bbox 213 1025 1280 4158">
    <p class='ocr_par' dir='ltr' id='par_1_5' title="bbox 213 1025 1280 2577">
     <span class='ocr_line' id='line_1_5' title="bbox 251 1025 1278 1113; baseline 0.003 -22"><span class='ocrx_word' id='word_1_22' title='bbox 251 1073 254 1078; x_wconf 89' lang='lat'>-</span> <span class='ocrx_word' id='word_1_23' title='bbox 279 1025 383 1091; x_wconf 84' lang='lat' dir='ltr'><strong>Mitto</strong></span> <span class='ocrx_word' id='word_1_24' title='bbox 412 1025 498 1091; x_wconf 86' lang='lat' dir='ltr'><strong>hacc</strong></span> <span class='ocrx_word' id='word_1_25' title='bbox 526 1043 599 1092; x_wconf 85' lang='lat' dir='ltr'><strong>curu</strong></span> <span class='ocrx_word' id='word_1_26' title='bbox 628 1044 689 1109; x_wconf 89' lang='lat' dir='ltr'><strong>per</strong></span> <span class='ocrx_word' id='word_1_27' title='bbox 714 1044 752 1092; x_wconf 87' lang='lat' dir='ltr'><strong>se</strong></span> <span class='ocrx_word' id='word_1_28' title='bbox 779 1026 893 1091; x_wconf 85' lang='lat' dir='ltr'><strong>inania</strong></span> <span class='ocrx_word' id='word_1_29' title='bbox 929 1030 998 1091; x_wconf 87' lang='lat' dir='ltr'><strong>tum</strong></span> <span class='ocrx_word' id='word_1_30' title='bbox 1026 1029 1189 1093; x_wconf 89' lang='lat' dir='ltr'><strong>arationis</strong></span> <span class='ocrx_word' id='word_1_31' title='bbox 1216 1048 1278 1113; x_wconf 93' lang='lat' dir='ltr'><strong>pro</strong></span> 
     </span>
     <span class='ocr_line' id='line_1_6' title="bbox 218 1140 1280 1237; baseline 0.002 -25"><span class='ocrx_word' id='word_1_32' title='bbox 218 1144 373 1229; x_wconf 79' lang='lat' dir='ltr'><strong>Quinctio</strong></span> <span class='ocrx_word' id='word_1_33' title='bbox 386 1195 396 1232; x_wconf 89' lang='lat'><strong>,</strong></span> <span class='ocrx_word' id='word_1_34' title='bbox 411 1140 413 1145; x_wconf 70' lang='grc'><strong>’</strong></span> <span class='ocrx_word' id='word_1_35' title='bbox 431 1150 627 1233; x_wconf 88' lang='lat' dir='ltr'><strong>praesertim</strong></span> <span class='ocrx_word' id='word_1_36' title='bbox 663 1149 887 1237; x_wconf 74' lang='lat' dir='ltr'><strong>narratIonis,</strong></span> <span class='ocrx_word' id='word_1_37' title='bbox 916 1151 1107 1215; x_wconf 86' lang='lat' dir='ltr'><strong>testimonio</strong></span> <span class='ocrx_word' id='word_1_38' title='bbox 1129 1149 1280 1214; x_wconf 78' lang='lat' dir='ltr'><strong>funditus</strong></span> 
     </span>
     <span class='ocr_line' id='line_1_7' title="bbox 217 1268 1279 1367; baseline 0.002 -33"><span class='ocrx_word' id='word_1_39' title='bbox 217 1268 390 1335; x_wconf 84' lang='lat' dir='ltr'><strong>destituta.</strong></span> <span class='ocrx_word' id='word_1_40' title='bbox 444 1270 502 1367; x_wconf 63' lang='lat' dir='ltr'><strong>dd</strong></span> <span class='ocrx_word' id='word_1_41' title='bbox 523 1271 620 1336; x_wconf 85' lang='lat' dir='ltr'><strong>aliam</strong></span> <span class='ocrx_word' id='word_1_42' title='bbox 642 1272 830 1355; x_wconf 82' lang='lat' dir='ltr'>opinionem</span> <span class='ocrx_word' id='word_1_43' title='bbox 850 1272 967 1357; x_wconf 85' lang='lat' dir='ltr'><strong>uenio,</strong></span> <span class='ocrx_word' id='word_1_44' title='bbox 997 1291 1110 1358; x_wconf 80' lang='lat' dir='ltr'><strong>eoram</strong></span> <span class='ocrx_word' id='word_1_45' title='bbox 1132 1272 1279 1356; x_wconf 80' lang='lat' dir='ltr'><strong>sollicet,</strong></span> 
     </span>
     <span class='ocr_line' id='line_1_8' title="bbox 217 1372 1279 1477; baseline 0.001 -21"><span class='ocrx_word' id='word_1_46' title='bbox 217 1394 272 1476; x_wconf 89' lang='lat' dir='ltr'><strong>qui</strong></span> <span class='ocrx_word' id='word_1_47' title='bbox 293 1394 501 1477; x_wconf 82' lang='lat' dir='ltr'><strong>speciosiore</strong></span> <span class='ocrx_word' id='word_1_48' title='bbox 522 1395 616 1458; x_wconf 87' lang='lat' dir='ltr'><strong>certe</strong></span> <span class='ocrx_word' id='word_1_49' title='bbox 637 1393 769 1456; x_wconf 89' lang='lat' dir='ltr'><strong>ratione</strong></span> <span class='ocrx_word' id='word_1_50' title='bbox 784 1390 834 1456; x_wconf 64' lang='lat' dir='ltr'><strong>&#39;ad</strong></span> <span class='ocrx_word' id='word_1_51' title='bbox 855 1372 908 1457; x_wconf 80' lang='lat' dir='ltr'><strong>ius</strong></span> <span class='ocrx_word' id='word_1_52' title='bbox 928 1410 1099 1458; x_wconf 87' lang='lat' dir='ltr'><strong>commune</strong></span> <span class='ocrx_word' id='word_1_53' title='bbox 1127 1410 1165 1458; x_wconf 88' lang='lat' dir='ltr'><strong>sc</strong></span> <span class='ocrx_word' id='word_1_54' title='bbox 1193 1410 1279 1458; x_wconf 92' lang='lat' dir='ltr'><strong>con-</strong></span> 
     </span>
     <span class='ocr_line' id='line_1_9' title="bbox 216 1498 1279 1600; baseline 0 -22"><span class='ocrx_word' id='word_1_55' title='bbox 216 1516 382 1600; x_wconf 87' lang='lat' dir='ltr'><strong>tulerunt,</strong></span> <span class='ocrx_word' id='word_1_56' title='bbox 414 1532 521 1598; x_wconf 89' lang='lat' dir='ltr'><strong>eoque</strong></span> <span class='ocrx_word' id='word_1_57' title='bbox 543 1515 683 1579; x_wconf 87' lang='lat' dir='ltr'><strong>consilio</strong></span> <span class='ocrx_word' id='word_1_58' title='bbox 706 1512 794 1599; x_wconf 90' lang='lat' dir='ltr'><strong>quod</strong></span> <span class='ocrx_word' id='word_1_59' title='bbox 817 1498 1160 1581; x_wconf 67' lang='lat' dir='ltr'><strong>Alfenus‘recusandi</strong></span> <span class='ocrx_word' id='word_1_60' title='bbox 1183 1516 1279 1597; x_wconf 93' lang='lat' dir='ltr'><strong>prin-</strong></span> 
     </span>
     <span class='ocr_line' id='line_1_10' title="bbox 215 1605 1279 1722; baseline -0.001 -20"><span class='ocrx_word' id='word_1_61' title='bbox 215 1637 336 1720; x_wconf 87' lang='lat' dir='ltr'><strong>cipium</strong></span> <span class='ocrx_word' id='word_1_62' title='bbox 358 1636 511 1719; x_wconf 81' lang='lat' dir='ltr'><strong>posuisse</strong></span> <span class='ocrx_word' id='word_1_63' title='bbox 532 1635 654 1702; x_wconf 88' lang='lat' dir='ltr'><strong>dicitur</strong></span> <span class='ocrx_word' id='word_1_64' title='bbox 674 1635 945 1722; x_wconf 88' lang='lat' dir='ltr'><strong>uindicauerunt,</strong></span> <span class='ocrx_word' id='word_1_65' title='bbox 967 1639 1004 1699; x_wconf 92' lang='lat' dir='ltr'><strong>ut</strong></span> <span class='ocrx_word' id='word_1_66' title='bbox 1025 1636 1194 1701; x_wconf 88' lang='lat' dir='ltr'><strong>anteriore</strong></span> <span class='ocrx_word' id='word_1_67' title='bbox 1216 1605 1279 1701; x_wconf 75' lang='lat' dir='ltr'><strong>trac</strong></span> 
     </span>
     <span class='ocr_line' id='line_1_11' title="bbox 217 1742 1279 1843; baseline -0.001 -21"><span class='ocrx_word' id='word_1_68' title='bbox 217 1753 398 1824; x_wconf 77' lang='lat' dir='ltr'><strong>Otrerortis</strong></span> <span class='ocrx_word' id='word_1_69' title='bbox 434 1760 546 1825; x_wconf 86' lang='lat' dir='ltr'><strong>aetate</strong></span> <span class='ocrx_word' id='word_1_70' title='bbox 579 1757 745 1824; x_wconf 89' lang='lat' dir='ltr'><strong>diuersum</strong></span> <span class='ocrx_word' id='word_1_71' title='bbox 780 1742 992 1843; x_wconf 88' lang='lat' dir='ltr'><strong>aliquatenus</strong></span> <span class='ocrx_word' id='word_1_72' title='bbox 1027 1760 1279 1842; x_wconf 88' lang='lat' dir='ltr'><strong>procuratorum</strong></span> 
     </span>
     <span class='ocr_line' id='line_1_12' title="bbox 214 1853 1278 1966; baseline 0 -24"><span class='ocrx_word' id='word_1_73' title='bbox 214 1880 268 1945; x_wconf 89' lang='lat' dir='ltr'><strong>ius</strong></span> <span class='ocrx_word' id='word_1_74' title='bbox 290 1880 475 1946; x_wconf 82' lang='lat' dir='ltr'><strong>obtinuisse</strong></span> <span class='ocrx_word' id='word_1_75' title='bbox 496 1853 703 1966; x_wconf 85' lang='lat' dir='ltr'><strong>statuerent,</strong></span> <span class='ocrx_word' id='word_1_76' title='bbox 732 1881 900 1965; x_wconf 89' lang='lat' dir='ltr'><strong>uariisque</strong></span> <span class='ocrx_word' id='word_1_77' title='bbox 926 1864 1180 1965; x_wconf 72' lang='lat' dir='ltr'><strong>procuratorum</strong></span> <span class='ocrx_word' id='word_1_78' title='bbox 1201 1880 1278 1962; x_wconf 84' lang='lat' dir='ltr'><strong>aui-</strong></span> 
     </span>
     <span class='ocr_line' id='line_1_13' title="bbox 214 1998 1278 2090; baseline -0.003 -24"><span class='ocrx_word' id='word_1_79' title='bbox 214 1999 354 2066; x_wconf 86' lang='lat' dir='ltr'><strong>busdam</strong></span> <span class='ocrx_word' id='word_1_80' title='bbox 381 2001 563 2090; x_wconf 80' lang='lat' dir='ltr'><strong>gonoribus</strong></span> <span class='ocrx_word' id='word_1_81' title='bbox 590 2001 746 2069; x_wconf 89' lang='lat' dir='ltr'><strong>discretis</strong></span> <span class='ocrx_word' id='word_1_82' title='bbox 774 2022 874 2067; x_wconf 90' lang='lat' dir='ltr'><strong>unum</strong></span> <span class='ocrx_word' id='word_1_83' title='bbox 902 1998 1037 2086; x_wconf 84' lang='lat' dir='ltr'><strong>aliquod</strong></span> <span class='ocrx_word' id='word_1_84' title='bbox 1058 2002 1278 2086; x_wconf 87' lang='lat' dir='ltr'><strong>seponerent,</strong></span> 
     </span>
     <span class='ocr_line' id='line_1_14' title="bbox 215 2122 1278 2207; baseline -0.003 -20"><span class='ocrx_word' id='word_1_85' title='bbox 215 2122 303 2207; x_wconf 87' lang='lat' dir='ltr'><strong>quod</strong></span> <span class='ocrx_word' id='word_1_86' title='bbox 332 2125 376 2189; x_wconf 89' lang='lat' dir='ltr'><strong>ad</strong></span> <span class='ocrx_word' id='word_1_87' title='bbox 404 2123 590 2190; x_wconf 86' lang='lat' dir='ltr'><strong>satisdandi</strong></span> <span class='ocrx_word' id='word_1_88' title='bbox 619 2128 857 2193; x_wconf 85' lang='lat' dir='ltr'><strong>necessitatem</strong></span> <span class='ocrx_word' id='word_1_89' title='bbox 883 2127 965 2188; x_wconf 89' lang='lat' dir='ltr'><strong>tuno</strong></span> <span class='ocrx_word' id='word_1_90' title='bbox 986 2123 1125 2195; x_wconf 87' lang='lat' dir='ltr'><strong>eoloca</strong></span> <span class='ocrx_word' id='word_1_91' title='bbox 1146 2124 1278 2188; x_wconf 88' lang='lat' dir='ltr'><strong>consti-</strong></span> 
     </span>
     <span class='ocr_line' id='line_1_15' title="bbox 214 2246 1278 2341; baseline 0 -33"><span class='ocrx_word' id='word_1_92' title='bbox 214 2248 320 2310; x_wconf 87' lang='lat' dir='ltr'><strong>tutum</strong></span> <span class='ocrx_word' id='word_1_93' title='bbox 342 2246 478 2334; x_wconf 83' lang='lat' dir='ltr'><strong>fuisset,</strong></span> <span class='ocrx_word' id='word_1_94' title='bbox 512 2266 577 2333; x_wconf 90' lang='lat' dir='ltr'><strong>quo</strong></span> <span class='ocrx_word' id='word_1_95' title='bbox 600 2249 717 2314; x_wconf 88' lang='lat' dir='ltr'><strong>merita</strong></span> <span class='ocrx_word' id='word_1_96' title='bbox 740 2247 887 2312; x_wconf 87' lang='lat' dir='ltr'><strong>Alfenus</strong></span> <span class='ocrx_word' id='word_1_97' title='bbox 913 2246 1094 2341; x_wconf 73' lang='lat' dir='ltr'><strong>turpasset,</strong></span> <span class='ocrx_word' id='word_1_98' title='bbox 1130 2261 1278 2334; x_wconf 78' lang='lat' dir='ltr'><strong>aepaam</strong></span> 
     </span>
     <span class='ocr_line' id='line_1_16' title="bbox 213 2362 1277 2463; baseline -0.001 -32"><span class='ocrx_word' id='word_1_99' title='bbox 213 2384 288 2432; x_wconf 88' lang='lat' dir='ltr'><strong>esse</strong></span> <span class='ocrx_word' id='word_1_100' title='bbox 308 2372 573 2463; x_wconf 70' lang='lat' dir='ltr'><strong>praeparatorem</strong></span> <span class='ocrx_word' id='word_1_101' title='bbox 593 2369 788 2456; x_wconf 78' lang='lat' dir='ltr'><strong>satisdare,</strong></span> <span class='ocrx_word' id='word_1_102' title='bbox 811 2362 901 2456; x_wconf 71' lang='lat' dir='ltr'><strong>pand</strong></span> <span class='ocrx_word' id='word_1_103' title='bbox 921 2385 1001 2434; x_wconf 84' lang='lat' dir='ltr'><strong>reas</strong></span> <span class='ocrx_word' id='word_1_104' title='bbox 1015 2367 1192 2435; x_wconf 80' lang='lat' dir='ltr'><strong>satisdare</strong></span> <span class='ocrx_word' id='word_1_105' title='bbox 1206 2384 1277 2431; x_wconf 90' lang='lat' dir='ltr'><strong>aaa</strong></span> 
     </span>
     <span class='ocr_line' id='line_1_17' title="bbox 213 2488 690 2577; baseline 0.004 -26"><span class='ocrx_word' id='word_1_106' title='bbox 213 2488 368 2577; x_wconf 87' lang='lat' dir='ltr'><strong>deberet,</strong></span> <span class='ocrx_word' id='word_1_107' title='bbox 389 2494 422 2555; x_wconf 86' lang='lat' dir='ltr'><strong>si</strong></span> <span class='ocrx_word' id='word_1_108' title='bbox 442 2494 517 2577; x_wconf 87' lang='lat' dir='ltr'><strong>ipse</strong></span> <span class='ocrx_word' id='word_1_109' title='bbox 539 2489 690 2554; x_wconf 87' lang='lat' dir='ltr'><strong>adesset.</strong></span> 
     </span>
    </p>

    <p class='ocr_par' dir='ltr' id='par_1_6' title="bbox 222 2600 1275 4158">
     <span class='ocr_line' id='line_1_18' title="bbox 279 2600 1275 2694; baseline 0.003 -25"><span class='ocrx_word' id='word_1_110' title='bbox 279 2607 402 2690; x_wconf 75' lang='lat' dir='ltr'><strong>«Quod</strong></span> <span class='ocrx_word' id='word_1_111' title='bbox 433 2611 483 2676; x_wconf 86' lang='lat' dir='ltr'><strong>sic</strong></span> <span class='ocrx_word' id='word_1_112' title='bbox 508 2609 643 2675; x_wconf 90' lang='lat' dir='ltr'><strong>uidetur</strong></span> <span class='ocrx_word' id='word_1_113' title='bbox 670 2600 741 2689; x_wconf 82' lang='lat' dir='ltr'><strong>(ait</strong></span> <span class='ocrx_word' id='word_1_114' title='bbox 773 2607 911 2675; x_wconf 86' lang='lat' dir='ltr'><strong>Raaias</strong></span> <span class='ocrx_word' id='word_1_115' title='bbox 920 2601 963 2694; x_wconf 83' lang='lat'><strong>⁹),</strong></span> <span class='ocrx_word' id='word_1_116' title='bbox 998 2608 1143 2694; x_wconf 90' lang='lat' dir='ltr'><strong>primus,</strong></span> <span class='ocrx_word' id='word_1_117' title='bbox 1178 2626 1275 2693; x_wconf 81' lang='lat' dir='ltr'><strong>quem</strong></span> 
     </span>
     <span class='ocr_line' id='line_1_19' title="bbox 222 2720 1274 2820; baseline -0.001 -27"><span class='ocrx_word' id='word_1_118' title='bbox 222 2806 224 2820; x_wconf 40' lang='grc' dir='ltr'>Ι</span> <span class='ocrx_word' id='word_1_119' title='bbox 275 2730 459 2796; x_wconf 88' lang='lat' dir='ltr'><strong>inuenerim</strong></span> <span class='ocrx_word' id='word_1_120' title='bbox 487 2733 560 2795; x_wconf 86' lang='lat' dir='ltr'><strong>eius</strong></span> <span class='ocrx_word' id='word_1_121' title='bbox 587 2731 730 2796; x_wconf 88' lang='lat' dir='ltr'><strong>rationis</strong></span> <span class='ocrx_word' id='word_1_122' title='bbox 754 2720 950 2810; x_wconf 82' lang='lat' dir='ltr'><strong>auctorem]</strong></span> <span class='ocrx_word' id='word_1_123' title='bbox 981 2728 1274 2816; x_wconf 68' lang='lat' dir='ltr'><strong>«intelligendum</strong></span> 
     </span>
     <span class='ocr_line' id='line_1_20' title="bbox 279 2849 1273 2941; baseline 0.002 -27"><span class='ocrx_word' id='word_1_124' title='bbox 279 2849 503 2937; x_wconf 78' lang='lat' dir='ltr'><strong>«defensores</strong></span> <span class='ocrx_word' id='word_1_125' title='bbox 519 2851 666 2941; x_wconf 86' lang='lat' dir='ltr'><strong>quidem,</strong></span> <span class='ocrx_word' id='word_1_126' title='bbox 682 2854 770 2940; x_wconf 91' lang='lat' dir='ltr'><strong>siue,</strong></span> <span class='ocrx_word' id='word_1_127' title='bbox 788 2856 823 2918; x_wconf 90' lang='lat' dir='ltr'><strong>ut</strong></span> <span class='ocrx_word' id='word_1_128' title='bbox 837 2854 918 2919; x_wconf 86' lang='lat' dir='ltr'><strong>tunc</strong></span> <span class='ocrx_word' id='word_1_129' title='bbox 931 2852 1169 2938; x_wconf 83' lang='lat' dir='ltr'><strong>loquebantur,</strong></span> <span class='ocrx_word' id='word_1_130' title='bbox 1186 2871 1273 2938; x_wconf 86' lang='lat' dir='ltr'><strong>pro-</strong></span> 
     </span>
     <span class='ocr_line' id='line_1_21' title="bbox 278 2956 1273 3066; baseline -0.001 -26"><span class='ocrx_word' id='word_1_131' title='bbox 278 2956 483 3059; x_wconf 81' lang='lat' dir='ltr'><strong>·oaratores</strong></span> <span class='ocrx_word' id='word_1_132' title='bbox 503 2974 741 3066; x_wconf 85' lang='lat' dir='ltr'><strong>uoluntarios,</strong></span> <span class='ocrx_word' id='word_1_133' title='bbox 752 2998 754 3001; x_wconf 93' lang='lat'>·</span> <span class='ocrx_word' id='word_1_134' title='bbox 764 2976 820 3062; x_wconf 86' lang='lat' dir='ltr'><strong>qui</strong></span> <span class='ocrx_word' id='word_1_135' title='bbox 836 2993 897 3040; x_wconf 87' lang='lat' dir='ltr'><strong>sua</strong></span> <span class='ocrx_word' id='word_1_136' title='bbox 909 2980 1030 3060; x_wconf 90' lang='lat' dir='ltr'><strong>sponte</strong></span> <span class='ocrx_word' id='word_1_137' title='bbox 1045 2974 1196 3040; x_wconf 85' lang='lat' dir='ltr'><strong>absentis</strong></span> <span class='ocrx_word' id='word_1_138' title='bbox 1210 2972 1273 3039; x_wconf 88' lang='lat' dir='ltr'><strong>de-</strong></span> 
     </span>
     <span class='ocr_line' id='line_1_22' title="bbox 279 3078 1273 3184; baseline 0.005 -29"><span class='ocrx_word' id='word_1_139' title='bbox 279 3096 487 3161; x_wconf 78' lang='lat' dir='ltr'><strong>«fensioncm</strong></span> <span class='ocrx_word' id='word_1_140' title='bbox 508 3099 736 3184; x_wconf 77' lang='lat' dir='ltr'><strong>susciperent,</strong></span> <span class='ocrx_word' id='word_1_141' title='bbox 758 3097 923 3163; x_wconf 85' lang='lat' dir='ltr'><strong>satisdare</strong></span> <span class='ocrx_word' id='word_1_142' title='bbox 946 3078 1084 3182; x_wconf 74' lang='lat' dir='ltr'><strong>debore,</strong></span> <span class='ocrx_word' id='word_1_143' title='bbox 1115 3102 1273 3183; x_wconf 81' lang='lat' dir='ltr'><strong>copaito-</strong></span> 
     </span>
     <span class='ocr_line' id='line_1_23' title="bbox 278 3215 1273 3304; baseline 0.003 -27"><span class='ocrx_word' id='word_1_144' title='bbox 278 3236 392 3302; x_wconf 77' lang='lat' dir='ltr'><strong>«reta,</strong></span> <span class='ocrx_word' id='word_1_145' title='bbox 420 3215 463 3282; x_wconf 87' lang='lat' dir='ltr'><strong>ad</strong></span> <span class='ocrx_word' id='word_1_146' title='bbox 492 3221 616 3284; x_wconf 88' lang='lat' dir='ltr'><strong>certam</strong></span> <span class='ocrx_word' id='word_1_147' title='bbox 643 3238 713 3284; x_wconf 88' lang='lat' dir='ltr'><strong>rem</strong></span> <span class='ocrx_word' id='word_1_148' title='bbox 741 3218 986 3304; x_wconf 85' lang='lat' dir='ltr'><strong>suscipiendam</strong></span> <span class='ocrx_word' id='word_1_149' title='bbox 1013 3236 1034 3283; x_wconf 89' lang='lat' dir='ltr'><strong>a</strong></span> <span class='ocrx_word' id='word_1_150' title='bbox 1061 3237 1121 3284; x_wconf 92' lang='lat' dir='ltr'><strong>reo</strong></span> <span class='ocrx_word' id='word_1_151' title='bbox 1144 3216 1273 3299; x_wconf 58' lang='lat' dir='ltr'><strong>datum</strong></span> 
     </span>
     <span class='ocr_line' id='line_1_24' title="bbox 278 3327 1273 3426; baseline 0.005 -27"><span class='ocrx_word' id='word_1_152' title='bbox 278 3348 371 3403; x_wconf 78' lang='lat' dir='ltr'><strong>«non</strong></span> <span class='ocrx_word' id='word_1_153' title='bbox 392 3327 500 3424; x_wconf 77' lang='lat' dir='ltr'><strong>accipi</strong></span> <span class='ocrx_word' id='word_1_154' title='bbox 521 3341 594 3405; x_wconf 90' lang='lat' dir='ltr'><strong>sine</strong></span> <span class='ocrx_word' id='word_1_155' title='bbox 616 3340 736 3406; x_wconf 89' lang='lat' dir='ltr'><strong>domini</strong></span> <span class='ocrx_word' id='word_1_156' title='bbox 760 3339 997 3426; x_wconf 84' lang='lat' dir='ltr'><strong>satisdatione3</strong></span> <span class='ocrx_word' id='word_1_157' title='bbox 1024 3342 1122 3406; x_wconf 88' lang='lat' dir='ltr'><strong>ctiam</strong></span> <span class='ocrx_word' id='word_1_158' title='bbox 1143 3344 1273 3421; x_wconf 82' lang='lat' dir='ltr'><strong>proca·</strong></span> 
     </span>
     <span class='ocr_line' id='line_1_25' title="bbox 278 3432 1272 3553; baseline 0.005 -32"><span class='ocrx_word' id='word_1_159' title='bbox 278 3465 472 3547; x_wconf 76' lang='lat' dir='ltr'><strong>«ratorera,</strong></span> <span class='ocrx_word' id='word_1_160' title='bbox 504 3480 603 3550; x_wconf 77' lang='lat' dir='ltr'><strong>artem</strong></span> <span class='ocrx_word' id='word_1_161' title='bbox 623 3463 726 3548; x_wconf 79' lang='lat' dir='ltr'><strong>aatpo</strong></span> <span class='ocrx_word' id='word_1_162' title='bbox 756 3463 928 3548; x_wconf 85' lang='lat' dir='ltr'><strong>dicerent,</strong></span> <span class='ocrx_word' id='word_1_163' title='bbox 963 3432 1011 3526; x_wconf 87' lang='lat' dir='ltr'><strong>ad</strong></span> <span class='ocrx_word' id='word_1_164' title='bbox 1038 3467 1172 3527; x_wconf 79' lang='lat' dir='ltr'><strong>certata</strong></span> <span class='ocrx_word' id='word_1_165' title='bbox 1198 3436 1272 3553; x_wconf 83' lang='lat' dir='ltr'><strong>rara</strong></span> 
     </span>
     <span class='ocr_line' id='line_1_26' title="bbox 277 3579 1271 3665; baseline 0.005 -23"><span class='ocrx_word' id='word_1_166' title='bbox 277 3579 561 3665; x_wconf 81' lang='lat' dir='ltr'><strong>«defendendam</strong></span> <span class='ocrx_word' id='word_1_167' title='bbox 592 3602 615 3647; x_wconf 95' lang='lat' dir='ltr'><strong>a</strong></span> <span class='ocrx_word' id='word_1_168' title='bbox 648 3601 707 3647; x_wconf 89' lang='lat' dir='ltr'><strong>reo</strong></span> <span class='ocrx_word' id='word_1_169' title='bbox 739 3583 882 3649; x_wconf 80' lang='lat' dir='ltr'><strong>absente</strong></span> <span class='ocrx_word' id='word_1_170' title='bbox 917 3586 1144 3648; x_wconf 84' lang='lat' dir='ltr'><strong>constitutam</strong></span> <span class='ocrx_word' id='word_1_171' title='bbox 1178 3586 1271 3647; x_wconf 86' lang='lat' dir='ltr'><strong>recte</strong></span> 
     </span>
     <span class='ocr_line' id='line_1_27' title="bbox 278 3698 1271 3790; baseline 0.006 -28"><span class='ocrx_word' id='word_1_172' title='bbox 278 3703 482 3768; x_wconf 76' lang='lat' dir='ltr'><strong>«satisdarer</strong></span> <span class='ocrx_word' id='word_1_173' title='bbox 504 3705 540 3767; x_wconf 87' lang='lat' dir='ltr'><strong>at</strong></span> <span class='ocrx_word' id='word_1_174' title='bbox 560 3712 683 3768; x_wconf 85' lang='lat' dir='ltr'><strong>aeram</strong></span> <span class='ocrx_word' id='word_1_175' title='bbox 704 3698 976 3769; x_wconf 81' lang='lat' dir='ltr'><strong>Procuratorem</strong></span> <span class='ocrx_word' id='word_1_176' title='bbox 994 3708 1030 3768; x_wconf 88' lang='lat' dir='ltr'><strong>et</strong></span> <span class='ocrx_word' id='word_1_177' title='bbox 1046 3703 1197 3790; x_wconf 79' lang='lat' dir='ltr'><strong>tepitirae</strong></span> <span class='ocrx_word' id='word_1_178' title='bbox 1217 3708 1271 3769; x_wconf 87' lang='lat' dir='ltr'><strong>ita</strong></span> 
     </span>
     <span class='ocr_line' id='line_1_28' title="bbox 278 3823 1270 3915; baseline 0.009 -33"><span class='ocrx_word' id='word_1_179' title='bbox 278 3823 434 3890; x_wconf 79' lang='lat' dir='ltr'><strong>«dictata</strong></span> <span class='ocrx_word' id='word_1_180' title='bbox 457 3828 609 3889; x_wconf 85' lang='lat' dir='ltr'><strong>omniura</strong></span> <span class='ocrx_word' id='word_1_181' title='bbox 634 3843 752 3890; x_wconf 79' lang='lat' dir='ltr'><strong>renam</strong></span> <span class='ocrx_word' id='word_1_182' title='bbox 776 3825 889 3915; x_wconf 82' lang='lat' dir='ltr'><strong>illias,</strong></span> <span class='ocrx_word' id='word_1_183' title='bbox 919 3830 978 3915; x_wconf 78' lang='lat' dir='ltr'><strong>qai</strong></span> <span class='ocrx_word' id='word_1_184' title='bbox 1000 3830 1039 3891; x_wconf 88' lang='lat' dir='ltr'><strong>in</strong></span> <span class='ocrx_word' id='word_1_185' title='bbox 1064 3824 1175 3891; x_wconf 79' lang='lat' dir='ltr'><strong>Italia</strong></span> <span class='ocrx_word' id='word_1_186' title='bbox 1200 3844 1270 3891; x_wconf 89' lang='lat' dir='ltr'><strong>noa</strong></span> 
     </span>
     <span class='ocr_line' id='line_1_29' title="bbox 278 3946 1272 4043; baseline 0.004 -39"><span class='ocrx_word' id='word_1_187' title='bbox 278 3950 409 4032; x_wconf 83' lang='lat' dir='ltr'><strong>«esset,</strong></span> <span class='ocrx_word' id='word_1_188' title='bbox 445 3947 538 4031; x_wconf 87' lang='lat' dir='ltr'><strong>quasi</strong></span> <span class='ocrx_word' id='word_1_189' title='bbox 562 3948 702 4012; x_wconf 88' lang='lat' dir='ltr'><strong>aiterum</strong></span> <span class='ocrx_word' id='word_1_190' title='bbox 730 3946 901 4032; x_wconf 88' lang='lat' dir='ltr'><strong>quemdam</strong></span> <span class='ocrx_word' id='word_1_191' title='bbox 928 3947 1091 4043; x_wconf 86' lang='lat' dir='ltr'><strong>dominum</strong></span> <span class='ocrx_word' id='word_1_192' title='bbox 1114 3951 1148 4013; x_wconf 90' lang='lat' dir='ltr'><strong>et</strong></span> <span class='ocrx_word' id='word_1_193' title='bbox 1170 3948 1272 4013; x_wconf 86' lang='lat' dir='ltr'><strong>alieni</strong></span> 
     </span>
     <span class='ocr_line' id='line_1_30' title="bbox 278 4066 1270 4158; baseline 0.007 -33"><span class='ocrx_word' id='word_1_194' title='bbox 278 4066 390 4155; x_wconf 80' lang='lat' dir='ltr'><strong>«iuris</strong></span> <span class='ocrx_word' id='word_1_195' title='bbox 403 4068 579 4154; x_wconf 88' lang='lat' dir='ltr'><strong>uicarium,</strong></span> <span class='ocrx_word' id='word_1_196' title='bbox 599 4087 670 4135; x_wconf 82' lang='lat' dir='ltr'><strong>raon</strong></span> <span class='ocrx_word' id='word_1_197' title='bbox 690 4073 803 4157; x_wconf 79' lang='lat' dir='ltr'><strong>anapia</strong></span> <span class='ocrx_word' id='word_1_198' title='bbox 824 4071 1000 4136; x_wconf 81' lang='lat' dir='ltr'><strong>satisdare</strong></span> <span class='ocrx_word' id='word_1_199' title='bbox 1023 4070 1146 4135; x_wconf 84' lang='lat' dir='ltr'><strong>dedere</strong></span> <span class='ocrx_word' id='word_1_200' title='bbox 1167 4088 1270 4158; x_wconf 79' lang='lat' dir='ltr'><strong>quarn</strong></span> 
     </span>
    </p>
   </div>
   <div class='ocr_carea' id='block_1_6' title="bbox 246 4366 631 4448">
    <p class='ocr_par' dir='ltr' id='par_1_7' title="bbox 246 4366 631 4448">
     <span class='ocr_line' id='line_1_31' title="bbox 246 4366 631 4448; baseline 0 -27"><span class='ocrx_word' id='word_1_201' title='bbox 246 4366 547 4448; x_wconf 48' lang='lat' dir='ltr'><strong>miopffiam</strong></span> <span class='ocrx_word' id='word_1_202' title='bbox 629 4394 631 4399; x_wconf 83' lang='lat'><em>.</em></span> 
     </span>
    </p>
   </div>
   <div class='ocr_carea' id='block_1_7' title="bbox 0 0 1680 5276">
    <p class='ocr_par' dir='ltr' id='par_1_8' title="bbox 0 0 1680 5276">
     <span class='ocr_line' id='line_1_32' title="bbox 0 0 1680 5276; baseline 0 4"><span class='ocrx_word' id='word_1_203' title='bbox 0 0 1680 5276; x_wconf 95' lang='lat' dir='ltr'><strong> </strong></span> 
     </span>
    </p>
   </div>
  </div>
 </body>
</html>
