3352 5276
417 466 479 529 126
527 463 621 567 cap.
646 465 681 540 1.
732 463 795 542 De
819 469 905 543 iure
929 490 1090 544 caussae
1117 465 1381 555 Qaiooctionoc.

249 662 396 761 offlss'ss'ss
416 651 511 737 Quos
533 676 630 743 quum
661 660 862 742 procurator
888 658 1113 744 appellasset,
1148 674 1192 723 ne
1220 658 1320 724 unius
1346 658 1478 746 quidem

251 779 396 819 ”mm
415 779 525 865 potuit
562 782 696 845 ceriam
732 779 907 845 eamcam
941 772 1182 863 impetrare²⁸).
1245 778 1332 864 Quia
1366 784 1478 849 autem

414 896 653 987 procurator?
686 899 814 985 Nempe
835 898 922 965 idem
942 901 999 966 ille
1019 897 1189 992 Alsenos,
1222 921 1318 989 quem
1341 907 1375 968 et
1395 921 1480 988 par-

416 1021 496 1088 tium
518 1021 630 1087 studio
644 1015 683 1103 ²⁹)
705 1023 740 1088 et
760 1019 884 1112 Bruti,
918 1023 974 1108 qui
995 1022 1148 1088 mlbuuus
1168 1024 1278 1109 plebis
1298 1028 1367 1090 tum
1388 1027 1479 1111 erat,

415 1144 644 1210 familiaritate
659 1137 697 1225 30)
734 1144 906 1229 plurimum
945 1146 1117 1231 potulsse,
1152 1147 1332 1230 quinetiam
1366 1164 1479 1212 coram

416 1264 582 1331 Burrieno
604 1263 768 1332 Praetore
791 1265 1016 1333 turbulentius
1037 1266 1169 1356 eglese,
1196 1269 1298 1353 atque
1319 1265 1364 1333 ad
1385 1267 1480 1334 sedl-

416 1389 540 1455 tionem
562 1406 668 1473 prope
689 1388 772 1453 iuris
794 1385 1071 1473 disceptationem
1091 1387 1291 1474 perduxisse
1304 1382 1357 1474 ³¹),
1379 1389 1480 1456 deni-

417 1528 524 1596 quea
550 1509 658 1575 Bruto
691 1511 766 1598 illo,
801 1511 830 1575 si
861 1529 931 1576 non
961 1513 1081 1576 iustam
1114 1514 1407 1599 intercessIonem,
1441 1514 1479 1577 at

416 1632 493 1714 plus
512 1649 619 1717 aequo
641 1634 753 1698 tamen
778 1633 976 1717 impetrasse
987 1625 1024 1712 32)
1052 1632 1139 1700 adeo
1169 1636 1379 1719 perspicuum
1409 1635 1479 1716 est,

415 1756 453 1818 ut
483 1754 557 1838 ipse
588 1751 742 1842 Tullius,
776 1772 874 1839 quum
906 1773 1031 1821 sumum
1063 1759 1158 1823 certe
1187 1755 1299 1822 studio
1331 1751 1480 1837 Quinem

415 1891 569 1953 caussam
599 1873 814 1960 defenderet,
847 1876 979 1962 istaque
1006 1880 1116 1944 omnia
1142 1895 1163 1944 a
1189 1881 1333 1964 patrono
1359 1876 1480 1943 Naeuii

415 1998 577 2064 acerrime
612 2000 727 2063 essent
755 1999 931 2086 exagitata
965 2002 1066 2085 atque
1098 1999 1133 2063 in
1168 1998 1277 2065 odtum
1313 2017 1413 2064 uersa
1426 1991 1481 2085 ³³),

417 2120 525 2185 satius
553 2122 664 2184 tamen
701 2117 855 2206 duxerit,
893 2138 964 2185 rem
999 2121 1221 2206 turpissimam
1257 2119 1482 2186 inuidiosissi-
1514 2210 1519 2215 .

452 2470 499 2539 28)
517 2489 543 2526 o.
568 2475 596 2526 7.
621 2479 688 2526 eutr.
721 2472 922 2539 «Appellantur
978 2473 1115 2536 «cedem,
1142 2487 1199 2524 non
1223 2477 1427 2538 procuratorem
1447 2474 1480 2525 Ρ.

418 2564 559 2615 «tribunis
588 2576 604 2613 a
628 2564 725 2628 quibus
746 2577 831 2628 quum
850 2570 921 2616 esset
978 2562 1117 2625 «Quinctii
1141 2563 1279 2613 neminem
1302 2562 1400 2624 luisse,
1431 2562 1480 2614 aed

418 2659 544 2704 «cenom
569 2653 700 2704 auxilium
725 2653 853 2717 petitum,
883 2655 920 2705 ita
978 2652 1148 2714 «gratiosum
1167 2650 1260 2701 luisse.
1302 2651 1370 2703 llilri
1389 2657 1481 2703 autem

418 2748 496 2794 «tum
514 2741 677 2803 disceditur,
697 2746 726 2792 ui
743 2742 836 2793 idibus
855 2741 921 2805 Sep-
978 2740 1035 2791 sad
1054 2740 1220 2790 uincendum
1239 2738 1305 2790 salla
1322 2746 1377 2801 est,
1396 2739 1482 2791 luisse

419 2831 592 2882 «temhribus
619 2829 650 2879 Ρ.
678 2830 835 2893 Quinctium
863 2831 920 2881 sisti
978 2834 1227 2892 sprocuratorem»
1254 2826 1304 2878 rel.
1337 2853 1367 2865 -
1398 2826 1479 2880 Cous.

419 2918 624 2971 «Sendllonus
633 2919 829 2983 promitteret.»
841 2917 919 2969 (loni.
978 2931 1003 2968 c.
1022 2916 1067 2968 28.
1088 2917 1115 2967 ln
1133 2916 1202 2977 line,
1231 2918 1480 2981 «aequepotentia

304 3008 306 3013 “
417 3021 443 3058 c.
462 3007 507 3057 30.
527 3006 690 3067 «atenim,
715 3006 921 3072 tribuniplebis
978 3005 1183 3069 «procuratoris
1214 3006 1319 3059 Naeuio
1349 3005 1393 3056 ina
1421 3019 1481 3057 ere·

418 3108 476 3149 ane
494 3096 641 3147 audierunt
657 3094 789 3160 quidem.
804 3130 811 3147 .
827 3131 835 3146 .
850 3095 921 3159 Quid
978 3100 1097 3159 «ptum»
1115 3094 1166 3147 rel.

418 3184 464 3234 «ri
481 3183 520 3235 ll.
538 3184 638 3235 Brutus
656 3184 867 3235 intercessorum
892 3198 922 3236 se
1012 3180 1059 3247 30)
1078 3184 1104 3235 d·
1124 3198 1148 3235 o.
1168 3184 1213 3235 at.
1240 3185 1353 3248 «Bruti,
1375 3182 1479 3248 iuquit,

418 3273 506 3324 «dlxii
537 3273 644 3337 palam,
673 3272 728 3324 nial
757 3273 821 3338 quid
852 3273 922 3324 iuter
978 3270 1127 3337 «(Διίοηω)
1142 3278 1200 3323 erat
1212 3271 1369 3334 familiaris,
1389 3274 1480 3337 itaque

419 3361 531 3424 «ipsum
540 3360 670 3413 Alienum
680 3367 707 3414 et
715 3362 848 3415 Naeuium
858 3375 922 3414 eon·
978 3363 1023 3411 «ia
1036 3361 1229 3413 intercedebat.
1253 3362 1295 3413 Tu
1307 3368 1401 3414 eontra
1413 3362 1481 3411 Bur·

418 3451 591 3502 «ueniretta
980 3450 1092 3501 oriente
1110 3449 1162 3501 rel.

452 3536 499 3603 29)
509 3536 544 3591 ‘c.
563 3540 608 3590 21.
628 3552 660 3591 a.
676 3572 683 3587 .
699 3575 706 3591 .
721 3540 748 3591 id
767 3541 838 3605 qood
853 3540 923 3592 llor-
1012 3538 1058 3600 31)
1077 3552 1102 3590 e.
1112 3539 1138 3590 ’1.
1153 3538 1285 3591 «Alienus
1297 3571 1304 3586 ·
1317 3574 1325 3591 .
1337 3574 1345 3591 .
1355 3551 1418 3589 cum
1429 3537 1481 3587 laio

419 3630 577 3691 «tensium,
597 3629 660 3693 quia
675 3642 764 3694 nuper
776 3629 881 3689 iniecit,
895 3633 923 3680 et
979 3624 1122 3691 «(Ναοιιὶο)
1133 3660 1140 3674 .
1152 3662 1179 3680 ..
1194 3627 1314 3692 quotidie
1326 3627 1479 3692 pugnabetc

419 3719 505 3782 «qula
522 3718 643 3770 Naeuius
660 3731 769 3782 semper
788 3717 816 3768 id
827 3716 922 3767 clami·
978 3715 1126 3766 sciebatur
1139 3715 1242 3779 populo
1255 3727 1321 3765 sone
1335 3727 1399 3770 sao,
1419 3726 1481 3779 pro·

418 3811 499 3867 otat,
531 3807 666 3856 dicturum
694 3805 833 3867 arbitror,
863 3818 921 3855 non
979 3807 1092 3867 «pterea
1116 3804 1188 3867 quod
1210 3805 1260 3854 iste
1285 3809 1367 3868 caput
1388 3808 1481 3868 peiora

418 3892 632 3946 siuisseNoeuio
643 3907 737 3959 parom
744 3893 922 3948 certationem
978 3905 1055 3951 anon
1074 3892 1243 3943 desinebat.»

419 3995 501 4034 ocum
518 3981 617 4033 Alieno
635 3982 684 4032 illo
704 3986 839 4045 tempore,
866 3980 922 4031 illle
1011 3977 1058 4044 aa)
1077 3980 1145 4031 Vide
1163 3993 1245 4045 supra
1262 3984 1320 4033 not.
1338 3978 1384 4030 28.

418 4062 663 4123 «dominantibusi
692 4071 770 4134 Quod
795 4071 818 4120 sl
836 4069 923 4120 uelim
1010 4067 1056 4133 33)
1076 4069 1144 4120 Vide
1162 4070 1312 4122 anteriores
1336 4073 1414 4120 notai
1433 4066 1481 4118 2⁹.

418 4161 577 4245 sconiiteri,
604 4160 690 4222 iilud,
719 4159 830 4224 opinor,
857 4171 922 4209 con·
977 4162 1004 4209 et
1020 4157 1065 4209 31.
