3420 5280
304 600 306 605 ⁴
436 503 473 579 s.
500 491 533 564 1.
588 488 728 562 Iudicii
753 492 861 589 oripo
886 496 923 562 et
947 501 1102 567 nature.
1259 491 1299 552 2⁵

214 666 218 689 ’
239 685 350 747 tamen
372 681 419 744 ita
441 682 634 763 comparata
655 678 808 767 luerunt,
832 684 867 744 ut
889 683 1086 766 aequissima
1101 681 1250 760 ratione,
1270 682 1298 745 si
1317 677 1468 786 §mg-*gp

240 822 308 867 non
323 801 566 887 praeiudicium,
581 804 616 866 at
633 803 855 886 praesumptio
872 800 1032 886 quaedam
1049 806 1083 867 et
1099 803 1193 888 quasi
1209 803 1300 887 iuris,
1318 792 1379 831 ⁵⁶⁸³·
1393 791 1467 836 “m‘'

240 924 369 1009 dequo
391 924 572 1010 agebatur,
602 921 840 1007 quodammodo
869 925 1039 1006 possessio
1068 922 1196 988 Naeuio
1223 923 1300 989 inde

240 1047 409 1112 eoneitiari
425 1044 612 1127 uideretur,
635 1042 785 1128 adeoque
799 1045 890 1109 nulla
906 1063 992 1129 opus
1007 1048 1097 1111 esset
1111 1064 1175 1112 nee
1189 1046 1301 1134 gratia
1349 1066 1365 1188 p
1388 1078 1458 1177 pst

240 1168 356 1233 Naeuii
379 1185 442 1232 nee
463 1164 637 1231 Praetoris
658 1167 850 1249 iniquitate,
873 1186 938 1250 quo
955 1162 1139 1250 Qutrrettres
1160 1168 1300 1253 potissi-

240 1308 324 1353 mum
341 1288 493 1373 stipulari
509 1284 778 1371 praeiudicioque
792 1289 938 1372 expertri
952 1288 1138 1374 iuberetur,
1151 1288 1301 1354 Naeuius

239 1414 348 1475 eutem
382 1409 589 1494 possessoris
623 1407 698 1473 loeo
734 1409 1005 1473 constitueretur.
1062 1406 1150 1491 Quid
1185 1400 1301 1475 enimi

238 1530 360 1597 Nonne
380 1549 489 1595 rerum
511 1528 619 1596 adhue
640 1533 811 1618 gestarum
832 1546 988 1595 summam
1010 1532 1045 1595 et
1069 1530 1222 1596 elieetum
1244 1531 1300 1598 lile

240 1653 456 1741 impugnabat
476 1654 577 1736 atque
598 1653 752 1716 euertere
773 1651 974 1733 conabatur,
1004 1648 1059 1718 blo
1082 1653 1193 1717 autem
1221 1671 1300 1718 sus-

239 1775 367 1840 tinebat
389 1792 430 1839 ae
453 1763 681 1838 defendebat?

301 1890 467 1978 Superest
498 1898 536 1958 ut
568 1892 818 1980 admoneamus,
853 1912 939 1978 quae
971 1894 1120 1980 proxime
1152 1899 1299 1963 tractata

239 2019 334 2093 sunt,
366 2019 440 2080 tota
465 2014 621 2080 edilium
649 2013 823 2080 Tullianae
851 2013 1057 2082 defensionis
1082 2017 1190 2089 locum
1216 2036 1299 2103 per-

153 2184 155 2191 ·
239 2139 360 2223 tinere,
386 2156 450 2223 quo
472 2135 761 2202 uehementissime
788 2135 961 2202 Praetoris
990 2140 1204 2223 conqueritur
1231 2141 1298 2205 lni-

238 2260 413 2345 quitatem,
441 2275 506 2324 nee
530 2259 645 2323 sartlarl
668 2260 782 2344 potest
807 2258 1037 2345 lamentando,
1065 2260 1158 2350 quod
1180 2266 1299 2348 petere

238 2380 311 2463 loeo
333 2398 494 2454 eoeneum
515 2380 630 2444 dicere
652 2377 837 2462 Quinctius
859 2386 1001 2447 coactus
1022 2375 1124 2462 elffii).

301 2497 375 2581 Qua
398 2507 509 2564 tamen
537 2501 571 2564 in
600 2517 638 2564 re
666 2499 746 2564 nihil
776 2499 969 2566 Praetorem
1000 2519 1176 2585 peccasse,
1202 2504 1298 2569 lnimo

239 2622 376 2686 otiaris
402 2621 523 2683 rationi
549 2623 591 2689 ,et
623 2618 732 2683 oliieio
759 2638 820 2683 suo
850 2622 955 2704 probe
983 2621 1207 2710 satisfecisse,
1235 2625 1299 2690 lam

239 2739 378 2824 perinde
404 2738 534 2805 conlido
570 2741 778 2824 perspicuum
808 2758 899 2824 esse,
933 2745 1034 2826 etque
1062 2744 1095 2807 in
1124 2746 1300 2829 superiore

239 2863 296 2926 illo
329 2863 463 2927 erimine
494 2861 588 2943 luit,
609 2862 664 2926 ubi
700 2861 743 2926 de
771 2850 897 2948 probro
926 2867 1025 2949 prtem
1053 2883 1157 2954 quem
1189 2866 1232 2931 de
1260 2886 1299 2932 re

238 2960 406 3049 lardirium
424 2981 505 3068 fieri
525 2986 667 3048 lumime
690 2982 866 3048 Dolabella
887 2979 1162 3066 aeeusabatur³³).

302 3101 389 3185 erid
410 3095 545 3169 autem?
567 3102 691 3189 duplex
713 3122 755 3170 ea
776 3102 819 3168 de
839 3107 1020 3188 sprenstone
1037 3108 1189 3194 querela,
1210 3129 1298 3176 uana

239 3226 368 3311 quidem
390 3229 507 3290 nostro
530 3225 651 3291 ludieio
677 3228 711 3290 et
742 3225 884 3312 lutirma,
911 3230 948 3291 ut
976 3230 1148 3295 uerissima
1177 3231 1297 3317 fuerit,

238 3365 348 3412 noane
371 3347 469 3432 plane
490 3347 617 3411 inutilis
638 3339 781 3413 luisset?

299 3468 456 3533 Nimirum
480 3467 567 3553 *quid
599 3470 734 3550 attinet,
765 3467 807 3534 de
838 3468 1002 3537 Praetore
1034 3471 1124 3559 apud
1156 3473 1296 3541 iudleem

271 3795 317 3853 32)
335 3794 403 3845 Vide
421 3807 446 3845 e.
459 3793 486 3844 8.
507 3793 712 3848 retentabat..
728 3827 736 3842 .
796 3795 977 3847 instituendae
989 3798 1078 3849 ordini
1091 3797 1297 3852 alludaturuer·

237 3884 422 3946 «Quinctius.
438 3920 445 3935 .
461 3918 468 3933 .
484 3914 510 3941 .‚
526 3883 702 3947 sponsionem
714 3883 737 3933 si
796 3883 942 3935 bistonii.
962 3899 1039 3936 onon
1057 3889 1200 3938 recusabat
1211 3889 1296 3952 Quin·

156 4028 158 4033 ¹
238 3972 411 4022 «istiusmodi
430 3972 546 4035 moeret,
565 3985 595 4023 se
613 3973 652 4033 (id
665 3971 738 4037 quod
796 3973 898 4034 aetius,
917 3975 984 4038 quin
997 3975 1033 4026 ita
1046 3976 1178 4027 satisdare
1191 3977 1297 4029 iubere·

238 4072 334 4110 «nune
352 4060 455 4119 euenit)
474 4061 507 4112 de
521 4060 609 4125 eapite
621 4062 738 4124 suopn'·
796 4065 873 4122 «tor,
897 4061 1008 4114 abeno
1022 4076 1142 4126 perterre
1158 4073 1241 4117 meret
1262 4081 1296 4118 ee

239 4159 306 4198 nore
318 4148 374 4200 loeo
385 4161 504 4198 romaum
515 4162 567 4201 ease
577 4150 735 4201 dictamum.»
795 4151 938 4202 ademto.»

238 4222 737 4290 eonemu.e.‘1s.31.-1>rasmrsa
828 4238 874 4299 ³3)
892 4240 960 4291 Vide
978 4254 1059 4305 supra
1079 4256 1105 4304 p.
1123 4241 1165 4293 19.
1186 4254 1262 4305 seqq.

240 4323 346 4379 neseio.
365 4336 400 4373 an
417 4323 507 4374 eidem
524 4325 564 4376 illi
581 4327 736 4390 sponsionis
