3352 5276
683 1334 898 1405 Subseduue
923 1296 1153 1428 puuesiioues.

416 1620 418 1627 X
451 1529 612 1619 Sequitur
643 1535 741 1612 trium
774 1533 903 1598 iliarum
940 1536 1192 1620 quaestionum,
1229 1552 1313 1620 quas
1347 1540 1449 1619 supru

388 1658 611 1741 seposuimus,
641 1655 765 1736 altera,
800 1652 957 1721 uidelicet
986 1656 1082 1744 leges
1112 1656 1274 1721 bonorum
1295 1654 1449 1721 uenden-

389 1775 503 1842 dorum
525 1795 646 1842 caussa
668 1773 918 1860 componendae
934 1794 1073 1862 quonam
1089 1775 1193 1843 ferme
1207 1780 1345 1859 nutura,
1367 1794 1450 1861 spe-

388 1899 456 1981 cie,
478 1899 701 1983 conceptione
722 1897 882 1969 fuerint..
1158 1894 1161 1899 ’

222 2073 370 2172 :¹2ssssssss
452 2055 528 2138 Qua
549 2056 591 2122 de
613 2076 651 2122 re
675 2054 858 2124 Stiebeius
869 2049 908 2142 ¹),
938 2059 993 2143 qui
1014 2059 1214 2122 sententium
1235 2042 1328 2124 suam
1351 2060 1449 2124 etium

222 2190 300 2229 um.
390 2170 641 2258 Zimmeririo²t
666 2179 838 2263 probauit,
858 2181 893 2244 in
914 2178 1003 2245 hunc
1024 2177 1153 2243 modum
1175 2180 1279 2245 uerba
1301 2179 1403 2281 facit:

456 2336 554 2403 «Lex
596 2337 757 2402 bonorum
797 2334 1045 2403 uendendorum
1081 2341 1153 2403 erut
1193 2335 1450 2404 additamentum

455 2460 752 2544 «proscriptionis,
787 2477 853 2544 quo
888 2457 1096 2541 creditores,
1132 2463 1289 2544 quantum
1323 2463 1451 2546 purtem

455 2580 542 2647 «sibi
567 2578 611 2646 ad
639 2581 803 2646 minimum
831 2581 874 2648 ab
903 2599 945 2646 eo
970 2581 1025 2666 qui
1046 2580 1207 2647 bonorum
1229 2584 1336 2648 emtor
1356 2581 1452 2647 iutu-

455 2721 539 2768 «rus
575 2706 691 2785 esset,
726 2703 813 2768 solui
849 2703 992 2788 uellent,
1014 2702 1271 2792 significabant.
1319 2690 1452 2793 ‘Legem

455 2824 566 2889 «enim
585 2823 690 2910 uulgo
711 2825 882 2912 cognitum
904 2830 957 2890 est
979 2822 1045 2890 dici
1061 2823 1290 2891 condicionem
1306 2798 1451 2915 negotii,

456 2962 566 3030 «quae
588 2944 687 3009 etium
708 2946 1011 3030 proscriptionibus
1032 2945 1278 3033 uenditionum,
1304 2946 1452 3014 locatio-

411 3128 414 3132 Α
456 3084 557 3130 «num
578 3067 783 3151 aliorumque
803 3068 1013 3156 negotiorum
1040 3065 1118 3132 addi
1145 3068 1286 3135 solebat.
1317 3058 1452 3154 ‘Neque
1500 3108 1502 3117 ,

458 3208 570 3255 «uero
595 3186 780 3255 creditores
810 3191 915 3257 totum
941 3192 1132 3276 pecuniam,
1165 3208 1261 3276 quum
1289 3208 1350 3275 pro
1373 3192 1451 3255 uni-

456 3311 589 3377 «uersis
620 3310 718 3376 bonis
753 3311 979 3393 postularent,
1006 3309 1095 3395 sed,
1130 3329 1196 3396 qua
1226 3331 1289 3377 nos
1321 3330 1451 3398 quoque

457 3435 601 3499 «utimur
636 3433 911 3518 computatione,
948 3432 1109 3497 incertam
1144 3431 1264 3500 crediti
1298 3437 1450 3518 partem,

457 3558 572 3621 «uelut
592 3556 780 3635 semissem,
816 3554 961 3636 bessem,
991 3552 1202 3646 dodrantem,
1236 3544 1451 3659 (ProcenteJ
1546 3562 1548 3566 ’

457 3677 742 3763 «significabani.·

453 3834 525 3898 Nec
547 3837 671 3900 temere
693 3832 807 3899 Virum
831 3832 980 3917 doctum,
1001 3837 1097 3898 immo
1119 3833 1246 3899 diserto
1268 3790 1452 3922 Theophili

392 3957 580 4021 testimonio
605 3956 763 4020 munitum
791 3956 841 4020 sic
869 3956 1028 4019 statuisse
1056 3953 1190 4019 dixeris
1242 3952 1345 4022 Cuius
1373 3973 1452 4020 ecce

393 4079 453 4143 tibi
475 4053 641 4142 tenorem:

429 4306 456 4373 1)
475 4309 493 4358 i.
514 4310 532 4359 i.
553 4306 581 4371 ὃ.
602 4310 645 4359 21.
667 4322 692 4372 p·
713 4307 757 4356 65.
983 4304 1011 4369 2)
1032 4307 1050 4357 Ι.
1071 4307 1089 4357 Ι.
1110 4305 1138 4370 3.
1158 4310 1201 4360 79.
1222 4325 1248 4372 p·
1267 4310 1328 4360 aba.
1350 4323 1425 4373 seqq.

1643 5196 1664 5246 i
