3420 5280
374 560 376 563 ι
411 457 452 521 22
505 456 600 559 Cup.
624 459 659 534 1.
709 457 771 533 De
801 461 886 533 iure
916 482 1075 533 coussoe
1103 457 1365 546 Quinctianae.

244 647 322 745 ,ἔξω
338 662 391 700 ¹¹³⁰·
409 655 511 741 gatar
521 652 640 736 aliquis
651 651 693 716 ab
705 648 899 716 aduersario
911 650 995 713 satis
1005 650 1159 734 occipere
1173 648 1286 730 uellet,
1296 652 1470 734 utrumque

410 775 499 839 inter
519 792 557 839 se
578 771 744 839 satisdare
759 773 927 860 coegerit,
949 772 1041 835 nulia
1054 771 1120 835 alia
1137 772 1267 835 ratione
1282 772 1390 835 motus
1404 771 1470 836 nisi

410 896 583 980 quominus
612 912 731 960 caussa
758 895 955 979 appareret,
988 895 1129 977 propter
1161 911 1256 978 quam
1289 891 1346 976 qni
1377 891 1471 957 solus

411 1016 532 1083 Edicto
555 1017 744 1094 teneretur,
765 1013 949 1080 satisdandi
971 1015 1165 1081 necessitati
1189 1004 1386 1099 paruisset?

431 1166 433 1169 ·
474 1139 515 1203 In
537 1155 661 1203 summa
683 1137 765 1203 iecit
785 1135 930 1202 Praetor
957 1134 1046 1221 quod
1072 1134 1186 1200 debuit
1213 1135 1346 1223 iacere,
1372 1152 1469 1220 quum

313 1342 315 1351 Ι
411 1261 623 1350 sponsionem
644 1258 716 1324 tisri
737 1260 843 1323 iussit

315 1435 319 1443 '
361 1495 364 1502 ¹
476 1413 652 1503 Sequitur,
672 1419 710 1482 ut
731 1417 839 1483 aitero
860 1417 936 1482 loco
957 1415 1185 1501 dispiciamus,
1207 1413 1370 1501 quomodo
1386 1433 1471 1482 con-

246 1506 397 1597 ΓΖῘἭ
413 1538 566 1625 cipiends
598 1557 637 1605 ca
669 1539 806 1623 sponsio
842 1538 960 1622 inerit,
995 1536 1151 1604 uidelicet
1190 1540 1256 1602 utri
1290 1536 1471 1623 stipulandi

411 1660 600 1751 agendique
616 1661 774 1744 odicium,
798 1662 863 1726 utri
884 1658 1069 1746 spondendi
1086 1658 1352 1744 defendendique
1367 1677 1471 1747 opor-

411 1784 513 1849 tuerit
533 1782 714 1872 adsignari.

474 1905 607 1970 Etenim
628 1924 729 1989 supra
752 1904 937 1991 docuimus,
959 1904 1109 1989 stipulari
1126 1878 1327 1988 oportuisse,
1345 1902 1472 1988 oiiquot

411 2045 559 2091 nummos
582 2025 652 2091 dari
664 2057 673 2111 ,
694 2029 752 2091 out
772 2026 933 2092 Naeuium
956 2046 977 2091 u
999 2022 1177 2106 Quinctio:

474 2204 505 2250 sr
533 2204 623 2252 nous
651 2203 719 2249 rus
747 2205 790 2249 ux
815 2184 942 2249 Eorcro
972 2183 1146 2250 Bunnrrnr
1174 2184 1373 2250 Pnsrronrs
1398 2203 1474 2249 urrs

475 2326 557 2370 xxx.
580 2325 740 2372 possessa
762 2325 846 2372 suns
869 2308 902 2372 et
924 2306 984 2371 rei.

410 2466 469 2530 ant
490 2461 679 2546 Quinctium
701 2482 722 2531 a
743 2422 889 2532 Naeuio:

473 2618 515 2690 Sr
536 2643 624 2688 sons
646 2642 780 2690 uranx
795 2623 923 2690 Errare
938 2623 977 2689 P.
992 2624 1165 2691 Bunnrrur
1181 2623 1381 2690 Pnsrronrs
1395 2642 1471 2690 nrrs

476 2765 556 2809 xxx.
579 2764 739 2811 possessu
762 2765 828 2810 nos
850 2764 935 2811 sunu
957 2749 992 2810 et
1014 2747 1075 2811 rei.

473 2899 591 2968 Utram
611 2903 715 2992 igitur
730 2903 940 2987 sponsionem
959 2902 1073 2969 debuit
1088 2904 1232 2970 Praetor
1246 2904 1317 2971 ieri
1331 2895 1473 2971 iuberei

411 3023 534 3090 Fuitne
555 3025 666 3109 aliqua
687 3027 721 3089 ct
744 3042 904 3113 quaenam
926 3025 988 3089 iuit
1010 3028 1081 3091 eius
1102 3028 1151 3092 rei
1172 3029 1259 3092 ratio
1281 3045 1322 3095 ac
1338 3046 1473 3121 norma,

412 3144 455 3211 ad
478 3165 573 3231 quam
595 3145 738 3211 Praetor
760 3146 928 3212 decretum
951 3166 1044 3212 suum
1068 3140 1256 3238 dirigereti

476 3265 590 3351 Atque
620 3268 721 3357 uuigo
754 3267 884 3353 quidem
916 3269 981 3335 dici
1012 3270 1116 3353 solet,
1150 3250 1268 3355 quiin
1298 3270 1473 3355 principaii

413 3388 533 3455 iudicio
556 3391 652 3455 actor
674 3393 781 3472 esset,
804 3389 943 3456 cundem
959 3391 1056 3456 etiam
1073 3393 1105 3455 in
1123 3393 1304 3477 sponsione
1320 3390 1474 3458 iacienda

412 3512 620 3598 stipulatoris
635 3515 750 3596 portes
765 3513 955 3598 plerumque
970 3515 1171 3600 suscepisse,
1188 3516 1350 3598 exceptus
1364 3516 1474 3580 tamen

414 3633 572 3720 quasdam
595 3653 734 3701 caussas
748 3634 870 3717 fuisse,
892 3653 1028 3720 quarum
1042 3634 1141 3700 uideo
1157 3632 1306 3720 equidem
1322 3635 1474 3720 exempla

414 3758 521 3844 magis
548 3749 727 3842 (imprimis
754 3755 817 3823 hoc
845 3747 1014 3837 Quinctii)
1040 3775 1135 3841 quam
1162 3757 1323 3820 rationem
1351 3755 1473 3820 afferri.

478 3875 655 3941 Enimuero
684 3876 727 3942 od
749 3877 834 3941 iilam
867 3879 1015 3966 regulam
1038 3878 1128 3941 nuilo
1157 3875 1256 3941 dubio
1284 3877 1475 3961 sponsionis

416 3998 591 4078 conceptio
607 3995 830 4084 dirigebatur,
848 3999 1041 4084 ubicumque
1056 3997 1090 4061 id
1107 3998 1282 4084 agebatur,
1300 4002 1337 4064 ut
1353 4001 1386 4061 in
1402 3999 1474 4062 eius

414 4118 608 4200 sponsionis
628 4107 799 4183 formulam
822 4121 1007 4184 uniuersum
1023 4117 1065 4184 de
1078 4138 1116 4184 rc
1131 4120 1306 4206 principali
1320 4118 1474 4185 iudicium

416 4231 729 4318 concludereturiii.

452 4416 500 4481 26)
519 4418 585 4468 Vide
605 4432 686 4481 supra
707 4432 732 4481 p.
753 4417 795 4466 1o.
817 4416 865 4471 11„
879 4422 934 4467 noi.
954 4417 980 4466 8.
