3352 5276
225 510 311 599 54.
329 506 493 583 Depo
511 505 554 580 V.
569 508 651 581 boa.
662 504 955 582 -Subseeiooo
968 510 1214 607 quaestiones.
1240 509 1282 573 85

224 700 432 766 satlsfactum
452 696 534 787 sit,
573 695 697 783 fuerit,
737 698 1011 783 satisfactumque
1042 715 1117 764 esse
1150 699 1286 780 postea,
1301 705 1452 816 gfff*

223 823 279 888 ubi
300 823 334 885 ln
355 819 579 908 cognitionem
600 836 641 884 ea
660 836 717 883 res
737 820 903 904 uenisset,
924 818 1129 906 adparuerit.

284 996 399 1082 Atque
426 997 527 1061 talem
554 995 658 1061 fuisse
688 1013 891 1061 communem
919 996 991 1061 eius
1019 997 1101 1061 iuris
1120 999 1283 1062 rationem

222 1120 305 1184 satis
328 1117 404 1182 milri
426 1136 620 1202 persuasum
642 1120 704 1183 esi.
757 1114 961 1203 Quamquam
982 1116 1072 1182 haud
1094 1136 1284 1205 negauero,

221 1240 373 1306 adhaec
395 1241 444 1304 rei
470 1237 657 1304 seruandae
682 1256 803 1304 caussa
827 1241 1073 1323 possessionem
1098 1241 1283 1324 impetran-

222 1362 296 1427 dam
318 1359 457 1446 perinde
485 1360 665 1446 aliquando
691 1362 726 1424 ln
754 1363 884 1425 caussis
907 1359 1102 1445 quibusdem
1130 1363 1285 1447 exceptis

220 1486 414 1572 cognitione
437 1501 478 1547 ac
502 1480 637 1548 decreto
657 1500 744 1565 epus
760 1474 928 1562 fuisset),
951 1486 1052 1566 atque
1075 1483 1130 1548 ubi
1152 1482 1194 1549 de
1219 1483 1284 1550 he-'

220 1604 375 1671 reditatis
391 1604 606 1686 possessione
628 1603 841 1687 praetoriaue
862 1603 897 1667 in
918 1603 1007 1668 bona
1027 1604 1177 1670 defuncti
1202 1624 1284 1671 suc-

221 1727 374 1793 cessione
404 1732 564 1811 ageretur
575 1716 623 1802 ¹⁵).
675 1706 770 1805 Quae
798 1725 909 1789 tamen
938 1726 1153 1810 exceptarum
1181 1743 1284 1792 cans-

220 1864 330 1912 sarum
357 1847 502 1935 figurae,
534 1865 632 1931 quum
660 1863 681 1910 a
708 1829 881 1929 preposite
910 1845 1032 1912 iudicio
1055 1846 1121 1910 sint
1143 1847 1284 1913 alienis-

221 1971 341 2048 simae,
371 1967 436 2033 hec
464 1968 540 2033 leco
572 1969 665 2054 quasi
698 1966 805 2057 digito
839 1970 969 2032 tantum
1003 1966 1283 2035 demonstrandae

221 2086 366 2155 fuerunt.

283 2263 459 2336 Caeterum
490 2268 689 2335 admonendi
718 2289 853 2357 sumus,
888 2268 1084 2335 Praetorem
1118 2271 1217 2335 etiam
1251 2273 1284 2336 in

219 2390 291 2472 his,
312 2411 398 2477 quae
414 2390 456 2457 de
472 2393 572 2476 plane
592 2395 728 2480 ageret,
749 2396 998 2477 moqistrotom
1020 2395 1131 2457 tamen
1154 2396 1284 2479 egisse,

218 2530 282 2578 nec
305 2515 398 2598 quasi
420 2532 556 2579 coecum
577 2515 827 2597 amentemque,
857 2512 1086 2599 quodcumque
1113 2515 1284 2599 quisquam

220 2635 424 2719 postularet,
446 2630 534 2698 illico
556 2632 627 2698 fieri
648 2625 842 2711 iussisseffi).
885 2631 998 2714 Quare
1021 2638 1153 2720 quoties
1174 2635 1284 2701 Prae-

220 2755 287 2817 tori
307 2755 468 2838 liqueret,
488 2755 610 2819 iniuste
627 2771 797 2840 prauaquc
813 2757 960 2841 ratione,
980 2759 1019 2821 ut
1037 2758 1126 2824 bona
1143 2759 1284 2825 alicuius
1327 2770 1329 2775 ⁴

220 2873 488 2959 possiderentur,
511 2877 597 2960 peti,
618 2879 696 2961 quia
717 2877 807 2942 forte
829 2880 884 2962 qui
906 2882 1039 2962 peteret
1053 2877 1201 2946 creditor
1214 2898 1283 2944 non

221 2999 312 3061 esset
320 2989 372 3078 ¹⁷),
400 2998 510 3063 alioue
535 2997 632 3064 mede
661 3000 771 3083 palam
802 3001 874 3064 iure
903 3000 1161 3088 destitueretur,
1192 3000 1283 3066 lraud

156 3102 161 3117 '
207 3117 353 3206 dubito,
370 3121 449 3204 quin
465 3118 633 3210 denegata
647 3123 863 3205 possessione
879 3140 952 3187 eum
967 3122 1137 3188 dimiserit.
1170 3120 1283 3204 Quin-

220 3241 319 3305 etiam
350 3242 434 3306 satis
464 3241 541 3305 milri
574 3245 627 3308 est
659 3242 834 3324 credibile,
867 3261 886 3308 e
918 3262 1010 3309 mere
1039 3244 1163 3324 fuisse,
1195 3248 1233 3310 at
1262 3265 1283 3312 a

219 3362 412 3446 postulante
444 3382 590 3431 caussae
623 3381 683 3431 cur
715 3367 923 3452 postularet,
956 3367 1029 3431 siue
1062 3366 1282 3433 uadimonium

254 3651 299 3705 ld)
325 3649 404 3701 Comi.
431 3651 461 3701 1..
488 3652 514 3702 5.
539 3648 569 3715 5.
594 3654 619 3704 1.
645 3653 675 3704 L.
695 3655 722 3705 7.
781 3658 842 3707 asie
864 3656 917 3706 alia
940 3655 1074 3718 edictalis,
1106 3662 1135 3708 ut
1158 3670 1229 3723 quae
1251 3672 1284 3708 ee

219 3734 268 3801 55.
289 3741 332 3788 10.
353 3740 397 3804 11.
417 3740 447 3789 1..
464 3740 490 3789 8.
511 3740 591 3803 Quib.
611 3755 641 3792 ex
661 3756 722 3793 eae.
782 3744 897 3794 «lidiae
913 3746 1048 3795 hectoris
1068 3749 1168 3796 monui
1192 3748 1283 3798 deeer·
1385 3766 1392 3781 ·

219 3827 250 3876 in
260 3840 343 3890 poe.
358 3827 389 3877 L.
406 3828 449 3879 18.
476 3827 504 3878 Si
519 3830 636 3881 seruitus
646 3832 721 3882 ulnd.
781 3835 894 3893 «nilum
923 3833 977 3883 alia
995 3834 1150 3897 moretolii,
1178 3851 1248 3900 quae
1266 3853 1285 3888 o

254 3913 502 3979 15)1..1i.5.1.
531 3918 571 3969 lie
592 3919 656 3970 bon.
677 3934 722 3984 pe.
781 3925 869 3972 «aine
894 3923 1020 3974 stacten
1043 3925 1225 3978 decernitur.»
1250 3952 1283 3963 -

219 4016 280 4053 eon.
300 4003 355 4053 tali·
375 4003 405 4052 L.
423 4005 452 4056 li.
482 4007 523 4057 lie
546 4008 675 4071 coniung.
696 4023 720 4060 e.
780 4011 858 4063 Comi.
883 4011 918 4061 ad
945 4012 975 4063 L.
996 4012 1022 4063 1.
1059 4014 1098 4064 lie
1121 4015 1184 4065 bon.
1210 4029 1282 4079 poss.

220 4103 326 4142 emano.
337 4091 386 4141 lie.
399 4118 426 4128 -
441 4093 509 4144 Vide
518 4109 598 4160 supra
609 4102 664 4148 not.
677 4097 720 4148 13.
778 4101 871 4165 Neque
889 4099 916 4150 id
934 4099 1064 4165 loquendi
1089 4115 1174 4166 genus
1199 4104 1283 4153 semel

255 4175 299 4243 16)
319 4180 439 4232 Nimium
456 4182 548 4234 hercle
566 4191 623 4247 est,
650 4186 722 4249 qued
779 4194 884 4239 mnium
902 4190 1285 4250 oecurri1‚sediuoensue-

220 4265 313 4318 Glesso
329 4267 364 4317 de
381 4267 561 4327 hereditatum
576 4276 722 4336 possessio·
779 4277 901 4328 tudinem
919 4276 1106 4329 Glossaterum
1128 4280 1282 4329 transierat.

219 4355 299 4407 nibus
318 4355 426 4408 delinit:
450 4359 518 4409 «list
536 4372 601 4423 erge
619 4375 723 4425 posses·
814 4366 861 4424 17)
880 4366 910 4416 L.
930 4366 973 4417 50.
995 4380 1035 4429 pr.
1055 4366 1094 4417 lie
1113 4367 1229 4429 peculio.
