3420 5280
436 497 473 574 s.
499 487 540 558 1.⁴
585 484 726 559 ludicii
750 487 855 583 oripo
881 493 916 557 et
940 493 1093 557 oraturo.
1272 484 1291 544 5

241 679 402 759 «propter
421 692 530 763 genus
552 674 709 756 actionis,
738 674 829 737 uelut
850 673 985 738 indicati
1008 671 1203 756 depensiue.
1234 676 1290 737 aut
1310 669 1457 765 ffiffi

240 814 336 862 «cum
359 793 400 859 de
422 796 566 860 moribus
587 795 731 859 mulieris
757 798 896 880 egetur3
923 800 1066 879 propter
1091 811 1291 878 personam,
1310 784 1423 823 ‘mm

240 917 356 981 «uelut
376 919 405 980 si
427 934 499 981 oum
521 935 560 981 eo
575 917 702 1003 egitur,
726 917 779 999 qui
796 914 985 996 decoxerit,
1008 917 1149 979 crrtreroe
1165 911 1253 978 torro
1268 934 1291 978 o

240 1037 490 1103 «oreditoribus
510 1056 670 1124 possesso
684 1040 925 1121 proscriptores
942 1038 1040 1123 orrout,
1062 1037 1134 1099 siue
1156 1052 1228 1099 cum
1251 1053 1291 1098 eo

240 1156 387 1223 «herede
406 1162 544 1245 agatur,
566 1177 660 1243 quem
676 1157 819 1221 Praetor
834 1159 1023 1240 suspectum
1038 1151 1293 1220 oestimauerit.”

300 1276 445 1359 Quorum
469 1280 614 1344 locorum
637 1273 835 1349 consensu‘t)
857 1278 1054 1362 ampiissime
1069 1278 1166 1341 etiam
1185 1276 1292 1341 resei-

236 1401 315 1464 iitur
336 1401 446 1484 opinio
469 1401 738 1484 existimantium,
768 1400 798 1461 ei
824 1400 904 1484 soli,
926 1399 953 1462 si
977 1396 1053 1483 quid
1075 1401 1222 1484 peteret,
1244 1400 1291 1461 ita

236 1519 391 1585 satisdori
424 1522 630 1604 oportuisse,
663 1522 716 1605 qui
746 1520 833 1584 bona
862 1518 1066 1584 aPraetore
1088 1521 1198 1584 iussus
1219 1521 1291 1602 ipse

238 1641 441 1727 possideret,
475 1643 596 1726 quippe
629 1644 681 1706 cui
715 1643 927 1725 praecipuum
958 1639 1038 1704 iliud
1066 1641 1117 1703 ius
1143 1642 1236 1725 quasi
1257 1642 1291 1704 ia

236 1763 342 1828 uicem
363 1764 521 1847 praetorii
543 1761 709 1828 cuiusdam
730 1762 895 1848 pignoris,
919 1758 1119 1845 possidendo
1135 1762 1291 1846 quaesiti,

237 1884 392 1948 tributum
414 1883 543 1947 fuisset.
586 1885 687 1946 Immo
717 1883 825 1966 palam
847 1885 916 1964 cst,
946 1883 1039 1947 cuius
1060 1883 1147 1946 bonu
1169 1900 1291 1965 supro-

238 2002 327 2069 dicto
358 2002 452 2067 modo
480 2022 501 2068 a
529 2003 693 2069 creditore
724 2023 789 2068 uno
811 2004 1002 2087 pluribusue
1031 2021 1187 2087 possessa
1209 2007 1291 2083 sint,

238 2127 308 2190 eius
329 2128 514 2189 uniuersam
539 2124 775 2211 quodammodo
799 2143 972 2208 personam
991 2125 1037 2188 ita
1055 2124 1156 2212 attici,
1179 2128 1216 2189 ut
1230 2144 1292 2209 pro

237 2246 393 2330 suspectu
415 2247 536 2312 exinde
550 2245 729 2326 habeatur,
750 2244 900 2331 adeoque
919 2247 1066 2332 quisquis
1081 2249 1198 2331 postea
1219 2265 1291 2311 curn

237 2385 277 2431 eo
306 2368 338 2430 in
366 2385 542 2451 personam
568 2371 703 2433 acturus
732 2367 794 2447 sit,
814 2368 939 2451 possit,
966 2371 1003 2430 ut
1029 2367 1092 2432 sibi
1114 2366 1289 2433 iudicatum

236 2486 321 2550 soiui
342 2486 539 2570 satisdetur,
559 2490 704 2575 exigere.

300 2606 413 2689 Atque
434 2624 474 2669 ea
496 2607 577 2668 iuris
598 2608 683 2667 ratio
707 2607 804 2669 etiam
828 2622 947 2669 caussa
963 2605 1043 2691 fuit,
1065 2623 1124 2670 cur
1139 2608 1170 2670 in
1185 2626 1292 2690 spun-

238 2726 341 2789 sionis
361 2724 519 2807 formula,
541 2743 635 2809 quam
657 2743 758 2809 supra
773 2726 1007 2812 cognouimus,
1036 2729 1166 2791 tametsi
1188 2745 1291 2793 accu-

237 2847 401 2911 ratissime
419 2846 516 2912 nobis
530 2845 696 2927 tradatur,
718 2864 890 2931 numquam
906 2849 1015 2911 tamen
1031 2847 1147 2912 Naeuii
1162 2852 1291 2916 nomine

235 2965 368 3032 adiecto
390 2968 575 3051 possessio,
603 2986 688 3052 quae
709 2970 741 3031 iu
764 2965 959 3033 condicione
981 2971 1090 3052 posita
1114 2974 1182 3056 est,
1206 2969 1290 3035 deti-

236 3089 378 3170 niretur,
413 3087 472 3153 sed
510 3089 680 3171 absolute,
716 3091 939 3174 cuiuscunque
976 3089 1110 3177 inisset,
1151 3090 1290 3156 demon-

236 3211 410 3273 straretur.

298 3328 349 3394 Ne
370 3305 480 3415 ptura:
506 3332 540 3394 in
563 3332 735 3415 proposita
756 3335 868 3416 specie
898 3332 939 3397 de
962 3334 1044 3397 iuris
1065 3353 1178 3397 norma
1200 3337 1289 3400 circu

236 3449 418 3516 sutisdoadi
450 3454 682 3517 necessitatem
719 3453 895 3518 constabat
927 3470 1000 3518 cum
1032 3453 1185 3518 Praetori
1221 3458 1288 3519 tum

269 3695 297 3763 d)
317 3700 393 3750 Adde
404 3700 424 3748 t.
438 3700 481 3750 33.
494 3697 522 3761 ὅ.
535 3702 560 3750 1.
577 3701 616 3750 De
623 3701 681 3750 reb.
689 3713 736 3750 su·
794 3701 970 3764 «interposita
984 3701 1112 3751 iodicium
1126 3703 1287 3766 accipiatur,

234 3785 735 3852 cioniud.po,-(Ulpiunus)aDeieu-
794 3795 840 3838 aet
856 3803 872 3838 o
886 3791 1054 3853 possessione
1069 3791 1247 3842 discedatur.»
1258 3820 1286 3831 -

236 3878 320 3927 «dere
334 3877 497 3937 debitorem,
512 3877 581 3926 sicut
591 3882 735 3938 autequam
826 3878 915 3940 Quare
929 3885 1019 3928 autem
1032 3892 1119 3942 aeque
1135 3881 1161 3929 iu
1174 3882 1225 3931 hoc
1237 3881 1289 3931 ira·

237 3966 329 4015 «bona
347 3965 405 4015 eius
420 3948 634 4027 possiderentur,
655 3963 732 4025 licet,
792 3967 1287 4032 gmentouequeopudGaiumtriginta

238 4053 295 4102 «itu
303 4058 361 4116 post
370 4054 502 4103 bonorum
512 4067 618 4117 quoque
630 4066 734 4116 porses-
791 4054 895 4104 dierum
905 4056 1005 4105 mentio
1017 4061 1150 4121 occurrat,
1162 4057 1230 4107 iutra
1239 4072 1287 4108 sao

238 4140 364 4189 ostonem
383 4141 455 4200 eius,
476 4141 533 4190 siue
549 4143 606 4204 ipse
621 4142 662 4190 sui
675 4142 733 4191 siue
790 4141 850 4192 ioco
863 4139 903 4206 (d.
913 4143 1109 4207 itiappurebit,
1124 4145 1150 4195 iu
1162 4159 1287 4208 praeseus

238 4225 329 4275 solius
338 4226 521 4277 defensionem
530 4230 731 4292 eiussuscipist‚
790 4230 856 4280 nihii
875 4232 969 4281 attinet
987 4233 1157 4294 inuestigare.

238 4313 338 4364 «debet
350 4314 495 4373 ostisdare,
515 4322 543 4365 ut
560 4317 732 4368 satisdatione
