3352 5276
408 502 449 565 98
513 497 662 603 θαρΗΙ
716 482 776 574 De
801 503 887 574 iure
913 521 1074 573 caussae
1103 498 1368 586 Quinctianae.

183 748 187 755 .
239 705 387 804 „hb-2⁰:⁰2
470 693 568 759 Hanc
599 708 682 756 uero
718 707 920 756 communem
956 689 1147 754 auctionum
1178 692 1342 757 rationem
1375 710 1472 777 quum

239 827 251 862 ἀ
253 835 317 862 ⁰⁰⁰⁰⁰
405 814 449 881 ad
470 815 631 880 bonorum
652 810 877 877 uenditionem
899 809 1139 895 adplicaueris
1160 829 1303 879 necesse
1325 815 1378 879 est
1397 817 1474 879 sta-

405 940 497 1020 tuas,
528 936 609 1023 lege
629 934 704 1017 illa,
738 951 803 1018 qua
826 931 868 997 de
889 933 1019 1021 agitur,
1051 933 1241 997 uniuersum
1269 933 1474 1001 uenditionis

405 1060 632 1139 contractum,
668 1073 733 1141 quo
762 1055 897 1119 futurae
927 1054 1123 1119 licitationis
1155 1056 1265 1120 uictor
1296 1072 1340 1121 ex
1372 1054 1472 1121 addi.

405 1181 518 1246 ctione
539 1180 729 1258 teneretur,
764 1194 826 1261 per
855 1176 990 1264 singula
1018 1176 1131 1261 capita
1153 1173 1355 1262 descriptum
1377 1195 1472 1244 com-

405 1298 584 1385 prehendi,
613 1317 654 1364 ea
675 1301 803 1363 tantum
825 1299 923 1381 parte
944 1314 1053 1362 uacua
1073 1296 1208 1384 relicta,
1242 1315 1308 1383 qua
1330 1301 1472 1383 pretium

405 1424 477 1487 siue
510 1439 596 1507 quae
627 1422 662 1484 in
694 1438 735 1486 ea
767 1420 881 1505 specio
914 1419 1014 1503 pretii
1044 1418 1153 1484 locum
1183 1419 1328 1506 obtinet,
1360 1421 1471 1506 portio

405 1542 627 1611 creditoribus
641 1542 684 1607 ab
701 1516 850 1626 emptore
865 1539 1029 1607 soluenda
1050 1538 1235 1607 delimatur.
1278 1540 1364 1625 Quid
1388 1561 1470 1628 ergo

404 1656 489 1730 esti
510 1661 746 1731 continebitur
768 1663 908 1751 calogo
929 1681 1051 1728 nomen
1072 1661 1279 1750 decoctoris,
1309 1664 1470 1729 bonorum

403 1788 514 1865 autem
535 1784 774 1870 qualiscunque
796 1783 996 1870 descriptio,
1023 1784 1167 1850 forsitan
1194 1787 1293 1850 etiam
1319 1784 1470 1851 credito-

402 1927 488 1989 rum,
524 1907 580 1992 qui
610 1907 839 1973 conuenerint¹
859 1898 997 1988 [nescio
1025 1924 1070 1972 an
1099 1882 1266 1973 distinctis
1291 1905 1470 1972 fiduciariis

402 2047 444 2096 uc
481 2018 730 2116 pigneratitiis)
767 2030 994 2126 enumeratio,
1030 2026 1205 2094 Praetoris
1239 2045 1281 2094 ac
1310 2029 1468 2125 magistri

401 2152 494 2216 nullo
518 2149 617 2215 dublo
639 2149 788 2230 nomina,
810 2149 986 2215 solutionis
1004 2150 1047 2215 ab
1067 2153 1216 2234 emptore
1230 2148 1468 2239 praestandae,

402 2273 547 2355 excepta
574 2272 778 2357 quantitate,
814 2272 1066 2337 accuratissima
1092 2270 1280 2356 praefinitio
1309 2264 1376 2354 [ex
1402 2271 1468 2338 ud-

402 2393 549 2460 dictione
570 2395 682 2459 statim
705 2390 868 2458 debeatur
888 2409 933 2458 an
960 2394 1055 2458 certa
1083 2390 1152 2476 die,
1188 2394 1351 2478 quibusue
1379 2410 1468 2479 pen-

400 2503 594 2598 sionibus),
628 2516 705 2599 quin
735 2532 798 2600 pro
826 2513 876 2579 rei
905 2514 1086 2598 qualitate,
1120 2516 1256 2599 opinor,
1287 2513 1466 2600 aliqnando

399 2635 632 2702 satisdationis
653 2636 696 2701 ab
718 2638 870 2719 emptore
891 2635 1117 2722 praestandae
1139 2638 1381 2722 praescriptio,
1403 2636 1468 2701 de-

399 2760 500 2844 nique
532 2775 750 2842 quuecunque
786 2777 848 2842 pro
877 2760 980 2823 uariis
1016 2775 1208 2825 caussarum
1241 2757 1357 2846 figuris
1392 2775 1466 2825 cum

399 2880 495 2943 utilia
523 2877 747 2945 creditoribus
779 2882 849 2942 tum
882 2878 1087 2962 emptoribus
1114 2877 1331 2944 subleuandis
1364 2870 1465 2963 atque

398 2997 585 3066 alliciendis
605 3003 687 3083 apta
708 2998 836 3064 inerint
857 3001 940 3065 nisu.

460 3167 557 3232 Haec
579 3166 683 3254 igitur
704 3168 800 3251 sunt,
831 3185 916 3251 quae
945 3167 1002 3232 illa
1028 3168 1189 3275 bonorum
1213 3124 1464 3234 condendorum

396 3290 476 3377 lege
498 3305 653 3355 censeam
675 3286 911 3371 comprehendi
932 3290 1033 3354 solita
1054 3308 1139 3355 esse.

462 3444 550 3529 Quid
571 3449 682 3512 autem
703 3445 792 3539 quod
817 3445 1030 3531 l'beopbilne
1052 3447 1094 3513 de
1115 3451 1269 3534 portione
1284 3447 1464 3515 creditori-

398 3567 460 3635 bus
481 3568 645 3634 soluenda
666 3571 783 3633 namet
805 3560 998 3634 contineri?

458 3726 618 3793 Nimirum
646 3730 740 3793 certa
769 3745 810 3794 ac
839 3727 933 3794 linita
960 3729 1052 3793 nullo
1082 3735 1182 3815 pacto
1208 3731 1374 3796 contineri
1396 3748 1462 3814 po-

397 3847 479 3931 tuit,
511 3865 597 3933 quae
625 3847 740 3915 futura
768 3847 897 3915 demum
923 3850 1108 3916 licitatione
1131 3853 1222 3916 esset
1244 3849 1462 3918 conficienda.

397 3966 496 4049 Quod
529 3988 626 4054 quum
659 3987 773 4035 omnes
802 3972 1046 4059 intelligerent,
1079 3974 1248 4057 paululum
1281 3973 1411 4058 quidem
1441 3990 1463 4037 u

397 4089 583 4175 'l'beophilo
613 4089 773 4157 recedere
804 4092 958 4188 legisque
991 4111 1087 4178 quam
1116 4093 1253 4158 tradidit
1287 4093 1461 4159 formulam

396 4214 568 4300 corrigere
589 4213 805 4277 necessitatis
835 4231 911 4278 esse
939 4213 1187 4301 iudicauerunt,
1221 4215 1255 4280 id
1283 4234 1365 4281 uero
1394 4235 1460 4301 quo

396 4335 590 4418 parcissime
611 4331 722 4418 fieret,
749 4334 797 4399 ita
818 4336 1073 4421 consuluerunt,
1102 4340 1139 4401 ut
1162 4338 1349 4423 portionem
1370 4330 1459 4403 illam
