3352 5276
427 499 489 564 iti
535 496 630 599 Gap.
652 497 686 572 Ι.
738 495 801 574 De
825 501 911 574 inre
936 520 1099 574 concaua
1127 494 1390 584 Quinctianae.

351 691 556 798 sscmiose
577 707 729 757 causam
751 689 930 774 explicari,
965 706 1027 755 cur
1057 687 1236 755 iudicatum
1264 689 1350 754 solui
1380 688 1486 754 sibia

259 759 371 856 ”⁰3⁶³
338 714 581 895 ιΙίΙΙοἶριιῐιιόῒίο
602 810 760 877 satisdari
782 814 939 896 oportere
960 810 1111 877 Naeuius
1127 808 1339 878 contenderit
1345 803 1485 896 ,sseoque

424 935 565 1001 consilio
587 934 682 1020 quasi
703 951 773 999 rem
793 950 913 998 nouam
934 950 1044 1019 neque
1068 939 1170 999 antea
1199 935 1485 1000 commemoratam

424 1058 528 1142 caput
548 1054 629 1121 illud
651 1053 763 1122 Edicti
784 1055 937 1138 recitari,
963 1074 1044 1145 quo,
1073 1056 1129 1140 qui
1150 1056 1270 1120 iustam
1292 1057 1486 1139 possessio-

424 1196 499 1245 nem
523 1178 683 1244 bonorum
705 1195 827 1262 passus
851 1179 914 1267 sit,
941 1178 991 1243 ita
1015 1175 1182 1243 satisdare
1211 1177 1340 1262 petenti
1365 1177 1486 1244 iubea-

423 1293 535 1379 tur¹⁹).
591 1299 641 1365 At
669 1319 751 1366 uero
778 1300 808 1365 si
835 1298 950 1366 eadem
972 1317 1093 1367 caussa
1115 1299 1194 1384 iuit,
1227 1302 1486 1386 propterquam

424 1423 523 1488 etiam
545 1422 588 1488 ab
609 1421 736 1488 Alieno
758 1421 907 1488 Naeuius
936 1422 1069 1488 biennio
1099 1425 1196 1510 ante,
1226 1425 1263 1487 ut
1290 1420 1487 1505 satisdaret,

423 1545 645 1632 postulasset,
677 1563 782 1634 aegre
813 1545 1031 1634 intelligitur,
1063 1562 1124 1612 cur
1152 1546 1187 1608 in
1219 1543 1284 1611 hac
1316 1544 1487 1610 anteriore

423 1663 668 1751 disceptatione
689 1664 859 1732 narranda
880 1657 1060 1748 [uidelicet
1082 1666 1117 1731 in
1138 1685 1168 1734 c
1185 1665 1215 1730 7.
1236 1669 1353 1731 nostro
1361 1657 1422 1748 20ι)
1444 1665 1487 1732 de

421 1789 480 1854 illo
502 1787 614 1855 Edieii
636 1790 765 1875 capite,
800 1788 980 1871 quinetiam
1006 1786 1049 1853 de
1076 1788 1152 1874 ipsa
1175 1788 1233 1854 ilia
1254 1787 1487 1855 satisdationes

423 1909 613 2000 exigendae
642 1927 765 1978 caussa
798 1913 913 1975 orator
942 1910 1105 1993 tacuerit,
1141 1908 1284 1995 denique
1318 1929 1362 1977 ne
1389 1911 1486 1977 aliam

424 2030 555 2118 quidem
587 2031 824 2117 postulationis
853 2048 1007 2098 caussam
1035 2032 1135 2098 ullam
1156 2031 1334 2099 addiderit.
1391 2014 1487 2114 Quae

424 2151 606 2220 difficultas
627 2154 733 2218 omnis
754 2156 885 2241 cessat,
908 2152 1082 2219 dummodo
1104 2173 1293 2240 supponas,
1315 2173 1377 2240 pro
1399 2174 1487 2241 quo-

423 2272 552 2339 tidiano
575 2293 681 2359 coque
703 2275 876 2341 notissimo
905 2279 1146 2362 promtrotouie
1179 2275 1306 2364 officio,
1341 2276 1488 2342 Alfenus

424 2397 463 2461 ut
483 2394 662 2463 iudicatum
683 2397 770 2461 solui
791 2415 835 2463 ex
855 2415 947 2463 more
968 2397 1167 2487 satisdaret,
1188 2398 1349 2465 Naeuium
1364 2401 1487 2484 posiu-

423 2517 558 2584 lauisse.
610 2512 782 2604 Siquidem
815 2519 946 2604 quiite
973 2519 1092 2586 Naeuii
1120 2522 1323 2605 postulatum
1350 2520 1488 2586 intelle-

424 2641 531 2724 xerit,
548 2659 635 2711 ,non
669 2642 775 2707 solum
802 2641 837 2705 in
866 2639 898 2706 d.
925 2658 955 2708 c.
980 2638 1011 2706 8.
1039 2660 1161 2709 reuera
1185 2642 1323 2709 habebit
1351 2642 1487 2729 primam

423 2779 533 2847 neque
564 2763 666 2827 antea
701 2760 925 2829 introductam
957 2763 1098 2829 alterius
1133 2756 1274 2830 caussae
1309 2762 1488 2849 Edictique

423 2884 638 2971 mentionem,
671 2902 785 2961 uerum
814 2886 912 2948 etiam
939 2885 974 2949 in
996 2884 1027 2950 d.
1055 2902 1084 2952 c.
1109 2883 1138 2949 7.
1160 2904 1323 2953 cunarum
1350 2904 1397 2952 ee
1418 2905 1488 2976 qaeu

423 3002 587 3073 Naeuius
594 3056 605 3095 ,
626 3009 668 3071 ut
688 3001 840 3090 Alfenum
862 3005 1073 3092 eutitduret,
1105 3007 1360 3095 postulauerit,
1388 3008 1488 3073 inue-

423 3127 514 3213 niet,
544 3145 612 3191 non
633 3127 702 3192 iate
733 3124 863 3211 quidem
895 3129 1111 3214 explicatam,
1144 3131 1180 3194 at
1209 3128 1263 3194 uei
1293 3148 1358 3193 uno
1382 3128 1487 3194 uerbo

423 3252 632 3334 procurator
653 3248 794 3316 nominis
814 3248 888 3315 uice
910 3251 1035 3335 posito,
1057 3254 1214 3335 quantum
1236 3248 1363 3317 adrem
1378 3252 1487 3315 omni-

425 3370 489 3436 bus
508 3371 680 3459 cognitam
701 3372 786 3436 satis
807 3374 915 3453 esset,
936 3369 1205 3437 demonstratam.

488 3545 596 3613 Porro
632 3548 796 3636 obserua,
831 3566 978 3634 quaeso,
1014 3547 1285 3634 quemadmodum
1321 3552 1488 3633 concepia

425 3670 494 3734 sint
526 3687 566 3736 ac
598 3673 784 3756 composita
814 3673 890 3755 ipsa
921 3671 1026 3737 uerba
1057 3671 1135 3753 iila,
1173 3670 1292 3756 quibus
1323 3670 1487 3754 Alienus,

426 3792 505 3875 quin
526 3790 725 3880 satisdaret,
746 3795 957 3860 recusauisse
979 3791 1117 3860 dicitur:
1189 3844 1191 3849 .
1374 3778 1377 3787 ’

461 4094 506 4157 19)
537 4099 603 4149 Loci
635 4104 756 4149 tenorem
790 4100 853 4151 uide
885 4114 929 4151 au·
986 4105 1094 4155 odoret.
1132 4105 1217 4167 Negat
1238 4102 1351 4154 Alienus
1369 4116 1488 4167 aequum

426 4202 475 4253 pra
492 4203 520 4253 p.
539 4189 566 4239 d.
986 4206 1088 4243 uesseo
1120 4194 1169 4244 rel.
1197 4191 1285 4257 (quae
1317 4184 1379 4242 uide
1406 4206 1489 4258 supra

459 4275 506 4342 20)
526 4279 604 4329 «lsie
620 4277 791 4343 postulabat,
818 4284 847 4329 ut
866 4291 929 4339 pro
983 4296 1011 4363 p.
1034 4278 1108 4345 125.)

428 4373 560 4419 ‹icarutor
586 4369 733 4419 iudicatum
758 4367 827 4418 solui
853 4369 928 4418 satia·
