3420 5280
398 532 437 581 VI

399 688 514 755 torum
549 677 715 771 indiciis,
742 676 910 778 numquid
935 679 1015 753 ueri
1041 679 1262 771 inuenerim,
1291 678 1464 774 edoceri,

398 840 500 915 iuuat
523 836 680 937 denique
705 836 836 912 leuiori
863 835 1018 937 quodam
1044 840 1238 913 tentamine
1264 840 1364 913 uires
1391 862 1464 914 ex-

399 997 527 1098 periri,
555 997 746 1095 quinetiam
772 995 820 1071 ad
845 998 981 1071 maiora
1006 997 1156 1070 animum
1182 1019 1413 1098 praeparare,

475 1210 570 1287 Nam
604 1235 627 1285 a
656 1213 836 1315 principio
869 1210 1034 1311 quidem,
1077 1218 1117 1284 ut
1151 1218 1259 1286 antea
1290 1210 1388 1306 dixi,
1428 1215 1467 1286 in

399 1368 503 1444 libris
539 1368 733 1446 rhetoricis
772 1368 1037 1471 perlustrandis
1073 1371 1168 1445 intra
1202 1371 1292 1444 iuris
1328 1368 1467 1471 publici
1520 1356 1522 1361 ⁴

401 1553 446 1607 an
470 1531 601 1632 priuati
627 1528 719 1604 lines
750 1529 917 1606 consulto
949 1553 1006 1605 me
1043 1532 1224 1622 continui,
1261 1553 1345 1604 raro
1375 1552 1465 1606 cae·

401 1696 556 1764 terarum
585 1712 703 1764 rerum
737 1691 966 1789 antiquitates
1002 1690 1124 1788 attigi,
1162 1690 1309 1766 criticas
1345 1695 1467 1763 autem

402 1851 658 1948 quaestiones,
696 1849 767 1923 nisi
804 1849 948 1923 omnino
980 1871 1043 1923 res
1081 1848 1285 1948 flagitaret,
1331 1854 1392 1963 aut
1429 1850 1467 1920 in

401 2009 490 2081 iuris
517 2008 727 2106 cognitione
753 2006 964 2081 uiderentur
987 2012 1087 2082 totae
1109 2007 1267 2098 uersari,
1294 2013 1465 2107 praeter-

402 2169 502 2258 misi,
541 2164 716 2264 aliamque
742 2172 841 2240 ratus
869 2164 1122 2240 Grammatico·
1146 2163 1252 2239 aliam
1276 2164 1465 2239 Iurecon·

402 2327 495 2402 sulti
510 2326 731 2426 prouinciam
750 2345 856 2418 esse,
883 2326 1095 2399 tutissimum
1115 2322 1224 2415 duxi,
1251 2329 1358 2398 uetus
1375 2320 1468 2397 illud

401 2481 464 2559 Ne
502 2493 612 2560 sotor
646 2507 769 2584 supro
812 2481 1006 2585 crepidam
1044 2507 1148 2582 quam
1186 2482 1467 2581 religiosissime

403 2642 612 2720 obseruare.
673 2641 789 2742 ldque
824 2642 997 2721 facillime
1035 2647 1171 2737 cessit,
1216 2650 1394 2742 quatenus
1430 2644 1468 2715 in

402 2802 504 2876 libris
540 2801 614 2876 illis
650 2800 842 2895 uersabar‚
880 2805 940 2901 qui
976 2804 1110 2877 oratori
1141 2801 1367 2876 instituendo
1392 2825 1467 2876 non

402 2963 471 3036 iuri
497 2959 668 3038 docendo
695 2959 885 3053 destinati,
912 2959 1082 3061 exempla
1107 2962 1223 3060 magis
1250 2982 1272 3034 e
1294 2964 1374 3035 iure
1396 2985 1468 3060 pu·

402 3120 501 3196 blico
522 3144 568 3198 ac
591 3122 732 3223 priuato
755 3120 857 3220 quasi
879 3125 981 3194 sorte
1001 3117 1112 3196 ducta
1127 3133 1347 3224 receperunt
1364 3151 1467 3228 quam

347 3326 356 3343 =
402 3282 518 3382 ipsam
543 3279 751 3382 disputandi
776 3281 959 3355 materiam
985 3279 1072 3355 inde
1097 3283 1314 3382 petiuerunt.

481 3512 563 3592 Sed
592 3513 654 3588 ubi
683 3516 831 3617 primum
856 3513 908 3599 ‚ad
939 3516 1124 3590 orationes
1154 3519 1319 3610 accessi,
1365 3543 1468 3618 quam

403 3674 553 3750 diuersa
578 3674 687 3748 totius
714 3675 770 3748 rei
794 3673 910 3753 facies
938 3674 1080 3748 extitit!

481 3831 606 3909 Pauca
640 3830 720 3908 illic
755 3853 778 3907 e
814 3834 893 3908 iure
930 3857 974 3910 ac
1011 3842 1149 3911 temere
1185 3834 1364 3929 disiecta,
1407 3836 1468 3913 hic

404 3990 555 4093 plurima
580 3997 756 4090 certoque
783 3991 939 4068 consilio
965 3997 1179 4097 composita
1242 3993 1325 4072 lllic
1354 3994 1468 4070 ueluti

395 4150 516 4227 ‘flores
555 4149 811 4227 oblectationis
858 4154 1126 4252 ornamentique
1165 4177 1297 4233 caussa
1336 4153 1489 4230 leuiter·

404 4299 591 4412 decerpti,
625 4308 686 4387 hio
720 4307 861 4385 solidus
900 4334 979 4386 cum
1004 4308 1131 4386 labore
1158 4319 1196 4387 et
1221 4311 1361 4390 cultura
1385 4314 1465 4390 fru-
