3352 5276
205 524 243 603 s.
260 513 298 586 7.
325 509 385 585 Aa
404 507 468 597 θ’.
487 509 676 585 absentem
691 517 795 585 recte
811 508 1021 609 defenderit
1036 533 1163 586 mette.
1204 512 1265 575 123

254 699 414 788 '«Ne9ot
443 695 595 784 Alfenus
627 716 775 789 aequam
805 713 880 767 esse
910 705 1174 787 procuratorem
1202 722 1266 769 sa·
1285 711 1434 810 ,22:¹¹3

272 824 427 890 «ttedare
458 820 548 911 qood
574 839 656 888 reas
684 822 863 889 satisdare
887 841 958 889 aon
978 822 1119 895 deberet
1139 828 1173 889 st·
1192 828 1268 909 ipse
1286 829 1433 868 *cmm

272 946 465 1011 ardescet)

270 1063 381 1152 Caput
401 1058 506 1154 igitui
526 1065 624 1132 huius
645 1064 853 1133 detensionis
872 1067 908 1131 in
930 1085 971 1132 eo
993 1067 1153 1152 ponitur,
1180 1065 1268 1153 quod

207 1189 353 1256 Alienus
373 1186 417 1253 ad
429 1186 617 1254 satisdandl
631 1189 867 1267 necessitatem
882 1184 1040 1270 Quinctio
1055 1207 1130 1254 sese
1145 1192 1269 1277 oewi-

206 1314 401 1399 porauertt.
444 1302 544 1375 Unde
564 1328 676 1375 nonne
698 1308 857 1376 credibile
878 1310 932 1391 iit,
961 1328 1002 1376 ea
1023 1312 1097 1396 ipsa
1118 1329 1156 1376 re
1183 1328 1270 1377 con-

206 1434 342 1500 trariam
364 1431 469 1497 inisse
490 1432 693 1516 postulantis
709 1433 891 1514 rationem,
911 1431 977 1498 hoe
993 1434 1046 1498 est
1060 1433 1270 1498 datersdotc

207 1553 365 1641 quadam,
387 1570 472 1638 quae
493 1553 582 1618 inter
602 1571 695 1618 reum
710 1570 751 1620 ae
765 1556 1018 1639 procuratorem
1033 1551 1270 1641 intercederet,
1298 1586 1299 1589 π

207 1666 411 1744 subnixam?
449 1669 549 1755 Quod
576 1677 606 1739 si
631 1676 680 1739 lto
697 1676 781 1759 est,
816 1693 958 1742 necesse
989 1678 1042 1741 est
1073 1692 1117 1740 ex
1147 1670 1271 1759 Alfeni

207 1814 371 1895 persona,
406 1795 471 1862 hoc
507 1799 578 1882 cst,
612 1799 779 1881 tamquam
800 1817 824 1862 a
850 1800 1093 1885 procuratore,
1128 1814 1198 1861 non
1225 1813 1270 1861 ex

211 1918 365 2009 Qataettt
386 1937 542 2005 persona,
562 1918 627 1986 hoc
645 1920 709 2005 est,
727 1923 867 2003 propter
884 1918 974 1984 boae
989 1923 1063 1984 etas
1078 1935 1125 1982 er
1138 1914 1269 1982 Edicto

206 2059 386 2131 possesso,
421 2040 600 2125 Naeuium,
631 2042 671 2105 ut
699 2040 763 2107 sibi
789 2032 1030 2126 satisdaretur,
1044 2041 1126 2111 ⁴tum
1148 2039 1271 2124 postu-

208 2163 343 2227 lauisse.

272 2318 360 2402 Quid
388 2313 560 2407 amplius?
595 2323 625 2387 si
656 2340 699 2387 ne
729 2321 799 2387 fleri
831 2297 963 2407 qui'dem
996 2322 1118 2404 potuit,
1156 2323 1195 2385 ut
1227 2339 1272 2386 ex

209 2438 357 2524 Quinctii
383 2453 550 2529 persona,
577 2441 642 2509 hoc
671 2445 741 2529 est,
776 2440 917 2528 propter
943 2442 1032 2508 bona
1059 2439 1271 2523 Quinctiles

209 2562 332 2631 Edicto
354 2583 525 2650 possessa,
546 2566 727 2652 cogeretur
747 2562 894 2629 Alienus
915 2561 1095 2628 iudicatum
1111 2563 1197 2626 solui
1211 2574 1272 2627 sa-

210 2685 363 2771 tisdare,
384 2704 462 2750 num
492 2684 671 2750 fatebimur
704 2685 873 2771 tandem,
893 2685 957 2750 nisi
991 2687 1273 2783 procuratorium

210 2805 395 2871 satisdandi
418 2825 571 2874 caussam
592 2805 714 2872 nullam
735 2798 869 2872 fuisset
897 2803 991 2887 Quae
1012 2824 1069 2871 res
1090 2805 1185 2878 breul
1207 2792 1273 2891 po-

210 2931 278 2995 tcst
300 2931 373 2994 tota
394 2928 521 2996 confici.

232 3166 235 3171 ξ
274 3088 407 3153 Etenim
429 3106 472 3153 ex
493 3089 651 3154 uniuersa
670 3090 721 3153 rel
742 3076 951 3175 narratione,
973 3088 1115 3173 quaein
1136 3105 1165 3153 c.
1186 3085 1217 3152 6.
1239 3088 1273 3152 et

211 3209 243 3275 7.
258 3211 465 3296 continetur,
478 3210 618 3296 aliisque
633 3211 796 3276 orationis
812 3202 941 3290 loeis²¹)
964 3211 1124 3297 apparet,
1145 3208 1273 3276 hancce

211 3326 300 3397 illam
326 3332 416 3396 inter
443 3330 605 3397 Naeuium
633 3333 667 3396 et
693 3330 853 3398 Alfenum
875 3334 1123 3399 contentionem
1152 3330 1273 3398 indeo

212 3453 266 3520 die
294 3453 337 3520 V·
356 3451 531 3519 Kalendas
558 3454 796 3540 intercalares,
827 3472 892 3538 quo
925 3452 979 3518 dic
1007 3452 1156 3519 Naeuius
1186 3453 1273 3519 bona

211 3578 249 3640 ut
270 3575 444 3661 possidere
464 3576 583 3641 liceret
604 3574 799 3640 Praetorem
820 3573 969 3659 adierat,
990 3575 1120 3661 statim,
1141 3573 1176 3639 id
1199 3576 1274 3658 est,

212 3700 373 3782 proximis
400 3697 467 3761 illis
493 3694 611 3762 diebus
639 3697 843 3762 commissam
872 3714 912 3763 ac
940 3668 1100 3782 deinceps
1126 3697 1185 3761 uix
1206 3697 1275 3761 ulla

214 3821 401 3885 cessatione
423 3794 656 3885 continuatam]
671 3836 756 3883 esse.
807 3813 867 3887 Sic
890 3817 1046 3883 traditum
1068 3820 1276 3905 accepimus,

213 3939 390 4022 Naeuium,
422 3959 519 4025 quum
551 3941 688 4024 primum
719 3938 862 4006 Praetor
894 3939 1068 4025 possidere
1104 3941 1275 4029 iussisset,

214 4062 326 4126 statim
347 4080 484 4146 quarum
505 4081 614 4128 rerum
635 4064 734 4148 copia
750 4066 847 4139 ‚esset
870 4061 1152 4150 adprehendisse,
1179 4063 1275 4128 simul

249 4362 295 4431 21)
315 4367 393 4419 Cani.
415 4380 438 4416 e.
458 4366 502 4419 ia.
520 4366 565 4417 20.
584 4366 628 4417 21.
648 4365 695 4418 as:
