3420 5280
420 493 439 553 8
514 485 607 588 Cup.
634 489 668 565 1.
721 486 783 562 Da
808 492 893 565 iure
918 512 1077 562 caussae
1111 487 1372 574 Quinctianae.

295 679 347 718 ¹⁸³⁰·
420 696 491 745 cnm
513 678 705 743 aduersario
731 676 820 763 apud
847 677 985 743 iudicem
1015 698 1058 745 ex
1088 679 1228 745 formula
1255 677 1474 763 disceptaret,

419 801 523 865 uerbo
537 800 665 884 quidem
684 801 725 865 de
741 802 939 885 sponsione,
964 818 1002 864 re
1023 803 1132 866 antem
1144 831 1184 841 -
1199 799 1299 872 (sicut
1314 802 1475 868 orationis

420 892 612 1007 propositae
645 923 828 1006 exemplum
860 918 972 996 docet)
1003 921 1046 988 de
1075 922 1287 1001 condicione,
1323 920 1410 987 uude
1440 925 1475 988 et

420 1045 556 1129 sponsio
581 1046 615 1107 ei
637 1042 789 1109 indicium
811 1044 907 1107 unice
929 1044 1100 1127 penderet.

483 1167 552 1231 Iam
565 1163 645 1229 illud
657 1166 866 1249 perspicuum
879 1170 942 1247 est,
954 1167 1120 1231 sententia
1136 1164 1177 1230 de
1188 1164 1475 1250 sponsioncdlcta,

421 1289 553 1352 tametsi
569 1285 611 1353 ad
626 1288 770 1351 litteram
784 1284 882 1371 nibil,
897 1289 960 1352 nisi
975 1305 1018 1352 an
1035 1288 1224 1371 sponsionis
1237 1303 1392 1351 summum
1403 1284 1474 1351 dari

422 1411 610 1493 oporteret,
641 1408 818 1474 iudicatum
848 1412 948 1494 esset,
971 1409 1161 1474 necessario
1183 1411 1291 1471 tamen
1314 1409 1412 1472 etiam
1433 1406 1475 1472 de

422 1530 616 1595 condicione
631 1531 827 1596 sententiam
843 1530 961 1595 indicis
975 1531 1186 1615 apparuisse,
1205 1528 1355 1614 adeoque
1372 1526 1475 1594 adse-

421 1655 518 1716 cutos
553 1669 628 1716 esse
659 1652 866 1740 litigatores,
901 1653 996 1717 cuins
1026 1652 1075 1715 rei
1108 1670 1228 1717 caussa
1264 1652 1475 1735 sponsionem

421 1773 589 1856 fecerant,
611 1772 766 1838 nbielioet
791 1776 827 1836 ut
853 1771 895 1839 de
920 1791 957 1837 re
979 1772 1132 1854 sacione,
1157 1770 1283 1857 dequo
1305 1773 1475 1861 agitur,a

421 1893 529 1960 iudice
550 1884 869 1980 pronunciaretur⁶).

270 2019 403 2115 ,2:⁵⁰“J'1
483 2012 554 2081 Sed
583 2015 647 2081 boc
676 2017 750 2081 loco
779 2033 866 2079 nona
896 2016 1046 2101 quaestio
1074 2015 1277 2100 superuenit.
1319 2013 1475 2099 Nimirum
1565 2092 1576 2107 ·

256 2145 299 2171 Μ’·
422 2136 500 2222 quid
527 2137 596 2201 fieri
625 2138 755 2202 solebat
778 2136 819 2201 de
847 2138 904 2201 illa
932 2139 1121 2221 sponsionis
1142 2155 1281 2216 summa,
1311 2153 1393 2221 qua,
1421 2135 1475 2220 qni

422 2259 665 2345 spoponderat,
686 2261 802 2324 actore
827 2261 981 2325 uincente
1002 2249 1312 2323 condemnabatur?

485 2379 618 2463 Duplex
639 2380 702 2444 inii
725 2399 768 2444 ex
789 2398 880 2444 more
902 2378 1123 2445 Romanorum
1146 2381 1217 2444 eins
1235 2379 1284 2443 rel
1306 2380 1403 2443 ratio.

485 2498 616 2586 Quippe
639 2504 671 2564 ln
694 2500 852 2566 eiusmodi
873 2503 1053 2586 sponsione
1075 2499 1229 2566 facienda
1245 2502 1475 2584 praeterquam

422 2621 581 2687 iudicium
612 2621 654 2688 de
689 2623 884 2688 condicione
920 2621 1173 2707 comparandum
1204 2620 1381 2708 aliquando
1410 2622 1476 2687 alia

422 2742 581 2829 quaedam
605 2745 731 2809 utilitas
750 2746 983 2829 spectabatur,
1007 2743 1184 2829 aliquando
1207 2745 1307 2809 nulla.

485 2862 601 2944 Qualis
621 2864 783 2931 accedere
805 2857 941 2950 potnit?

485 2987 639 3052 Nimirum
651 2990 698 3066 nt,
711 2989 765 3073 qni
777 2986 1025 3072 spopondisset,
1039 2988 1067 3050 si
1079 2988 1247 3051 sententia
1257 2985 1374 3053 indicis
1386 2990 1477 3052 esset

423 3110 561 3188 erroris,
576 3107 754 3195 mendacii,
769 3109 966 3174 temeritatis
980 3109 1170 3191 conuictus,
1186 3109 1376 3193 pecuniaria
1391 3126 1477 3194 qna-

424 3229 497 3295 dam
520 3248 628 3315 poena
652 3229 851 3295 alliceretur.

488 3349 573 3432 Quid
595 3343 732 3415 autem?
754 3352 809 3416 nbi
831 3353 948 3416 contm
963 3342 1109 3417 actorem
1124 3351 1223 3417 ludex
1238 3351 1280 3417 de
1297 3353 1477 3437 sponsione

424 3475 622 3538 sententiam
644 3470 790 3557 dederit,
813 3490 950 3558 eumque
973 3474 1026 3559 qui
1048 3472 1290 3557 spoponderat,
1311 3491 1332 3537 a
1354 3491 1477 3538 summa

424 3596 615 3680 sponsionis
631 3594 830 3677 obsoluerit,
850 3612 960 3660 nonne
975 3595 1126 3679 aequitas
1135 3596 1265 3679 poscit,
1287 3598 1323 3658 ut
1338 3596 1476 3660 inuicem

458 3901 484 3956 ill
504 3902 543 3950 bd
558 3906 705 3950 exiremum
717 3901 839 3964 perduxit
849 3915 925 3965 prae·
980 3903 1038 3966 ipsa
1051 3903 1210 3954 condicione
1222 3902 1257 3950 ab
1269 3901 1422 3954 aduersario
1432 3918 1476 3967 pa·

425 3988 924 4052 iudicialembnnesponslonnmnsum
980 3989 1474 4054 cuniamstipulatusesseiertur·Cic.

424 4077 462 4128 Μ.
470 4076 516 4126 iile
524 4076 654 4135 Lutatius,
665 4078 721 4141 qui,
732 4092 785 4141 quo
796 4079 846 4128 sibi
857 4079 925 4130 iudi·
980 4081 1014 4130 da
1026 4078 1077 4129 Ob.
1086 4078 1135 4138 lll,
1150 4079 1192 4128 19.
1201 4077 1258 4128 vai.
1269 4078 1338 4129 Μαι.
1347 4079 1475 4141 VILM.

424 4170 543 4222 carelnr‚
567 4179 604 4213 aa
620 4169 663 4214 uir
680 4167 761 4216 iosos
778 4174 863 4227 aaut,
882 4179 924 4216 res
981 4169 1122 4218 coelerum
1132 4168 1257 4229 priuatim
1264 4173 1476 4219 contractrmss·

425 4267 472 4302 suo
492 4259 587 4302 natura
600 4267 633 4302 ao
644 4255 734 4317 specie
748 4267 763 4303 a
777 4256 851 4305 ciuili
866 4257 924 4304 iure
981 4268 1009 4304 sa
1016 4256 1086 4305 bano
1094 4255 1278 4318 sponsionem,
1286 4268 1374 4319 neque
1382 4258 1409 4307 ln
1417 4258 1475 4308 iura

426 4341 578 4408 iudicioque
602 4342 785 4402 alienissima,
814 4344 864 4394 sub
892 4356 924 4393 aa
980 4343 1038 4393 llari
1057 4344 1172 4403 iussam,
1192 4349 1312 4407 apertum
1331 4351 1380 4395 est.
