3420 5280
385 518 409 563 X

460 660 669 737 Iamdudum
699 682 756 737 me
785 663 901 737 tenuit
933 661 1090 738 studium
1123 667 1276 763 quatuor
1308 662 1450 739 illarum

384 823 606 914 orationum,
652 841 745 920 quae
768 822 817 894 in
853 820 975 899 medio
1010 823 1090 898 iure
1125 820 1226 898 ciuili
1261 830 1450 899 mersantur

382 980 577 1081 dictaeque
600 986 684 1055 sunt
709 979 758 1056 de
784 983 926 1057 caussis
952 979 1140 1074 ciuilibus,
1165 1004 1232 1083 pro
1253 980 1302 1056 Ρ.
1324 979 1445 1070 Quin·

382 1141 480 1230 ctio,
506 1162 574 1241 pro
602 1136 647 1227 Q.
672 1139 816 1216 Roscio
843 1135 1048 1230 Gomocdo,
1074 1163 1141 1242 pro
1165 1135 1225 1213 M.
1253 1137 1381 1217 Tullio
1410 1146 1449 1216 et

380 1322 448 1401 pro
466 1296 516 1373 A.
535 1293 728 1390 Caesiam
753 1322 843 1399 quas
871 1320 996 1375 omnes
1022 1292 1134 1375 uideo
1161 1298 1206 1375 ab
1232 1297 1447 1376 Editoribns

380 1466 452 1532 tam
489 1456 710 1558 singularum
742 1482 845 1558 quam
875 1456 1093 1535 selectarum
1126 1453 1322 1535 Ciceronis
1360 1482 1446 1535 ora-

380 1619 515 1693 tionum
534 1620 650 1693 rarius
677 1640 782 1718 quam
803 1622 971 1694 caeteras
992 1618 1135 1710 curari,
1162 1619 1356 1716 quinetiam
1377 1641 1446 1694 ue·

379 1775 446 1850 luti
469 1773 637 1852 consulto
655 1774 835 1869 domitari,
863 1797 980 1875 eaque
1004 1797 1091 1851 esse
1114 1779 1285 1852 uniuersa
1306 1784 1445 1870 natura,

379 1942 420 2009 ut
456 1932 787 2011 lmeconsnltorum
822 1937 944 2037 potius
983 1959 1086 2035 quam
1126 1933 1446 2013 Grammaticorum

380 2115 527 2196 operam
551 2091 738 2195 postulare
763 2096 891 2170 merito
919 2095 1183 2170 existimentur.

456 2250 533 2326 Eas
559 2253 670 2351 igitur
696 2254 880 2328 orationes
907 2251 1052 2353 selegi,
1093 2276 1183 2353 quas
1209 2255 1341 2356 primas
1369 2254 1444 2330 ori·

379 2413 463 2488 tiois
501 2392 607 2487 curis*
635 2409 844 2487 emendatas
881 2414 1218 2512 commentariisque
1251 2415 1445 2488 instructas

379 2568 539 2645 ederem.
593 2569 673 2645 Vix
698 2569 818 2646 audeo
845 2569 998 2666 dicere,
1026 2570 1148 2647 debeo
1174 2577 1315 2664 tamen,
1346 2569 1445 2646 ulte-

377 2731 453 2805 rius
479 2751 536 2804 me
561 2732 775 2832 prospicere
793 2728 1007 2807 uberrimum
1028 2729 1128 2805 illum
1150 2732 1261 2824 iuris,
1289 2732 1445 2830 antiqni-

378 2893 510 2979 tatum,
543 2887 697 2961 omnium
722 2884 881 2986 denique
906 2910 1025 2962 rerum
1051 2885 1278 2982 thesaurum,
1311 2886 1445 2963 Verri-

378 3069 470 3138 nco,
509 3043 659 3143 quibus,
698 3046 731 3118 si
760 3067 939 3147 prospere
967 3045 1127 3120 anterius
1155 3043 1246 3120 illud
1271 3049 1445 3149 proposi·

378 3213 452 3280 tum
474 3205 650 3298 cesserit,
677 3211 752 3279 tum
771 3205 805 3278 si
831 3210 934 3279 aetas
961 3212 999 3280 et
1024 3206 1123 3280 uires
1150 3204 1443 3307 suppeditabunt,

379 3362 528 3439 easdem
555 3386 662 3440 curas
687 3364 895 3465 impertiam.

453 3594 650 3672 Enimuero
677 3593 817 3698 duplex
848 3592 921 3673 hoc
953 3618 1045 3698 opus
1077 3617 1125 3672 ne
1151 3603 1290 3673 temere
1316 3595 1445 3672 uidear

377 3757 610 3858 suscepisse,
653 3757 901 3856 maximopere
935 3754 1021 3828 mihi
1056 3753 1325 3857 deprecandum
1355 3776 1443 3829 esse

378 3937 424 3991 ac
455 3912 724 3990 defendendum
758 3915 979 4016 praesentio.
1044 3912 1247 4005 Quinetiam
1277 3936 1443 3989 caussam

378 4093 436 4147 me
461 4071 617 4175 probare
643 4072 778 4169 decet,
820 4097 885 4150 cnr
911 4071 1089 4149 eiusmodi
1118 4086 1243 4147 munos
1270 4072 1443 4176 profitear

379 4230 517 4333 aliquot
542 4256 657 4310 annos
682 4239 918 4334 anteaquam
943 4229 1121 4333 impl*
