3420 5280
427 493 525 582 s.=1.
572 490 721 566 Iudicii
746 494 855 591 oripo
878 501 915 566 ct
939 499 1094 567 nutura.
1248 490 1289 550 2⁷

230 685 264 748 in
288 681 447 749 directum
469 700 669 762 sermonem,
697 698 783 767 quae
805 679 938 746 tandem
960 681 993 745 in
1022 681 1125 746 uerba
1151 682 1290 765 sponsio
1308 674 1457 783 „¹5⁰2ssss

230 805 293 869 fuit
315 795 506 887 concepta?
1309 790 1409 837 Μ’·

291 921 351 993 Sic
374 927 543 990 existimo:

293 1046 492 1129 Quinctius:

292 1163 332 1234 Sr
360 1187 450 1233 nonu
480 1150 552 1233 mua
584 1189 630 1234 nx
662 1167 793 1233 Euromo
821 1167 860 1233 P.
891 1169 1065 1233 Bonnense
1091 1165 1292 1233 Pansronrs

230 1309 306 1355 orus
327 1309 409 1354 xxx.
429 1309 592 1357 possessu
614 1310 679 1355 non
702 1308 805 1375 sumn,
836 1284 898 1356 HS
914 1335 923 1353 .
937 1334 946 1353 .
960 1335 969 1355 .
984 1286 1037 1363 (tu
1050 1284 1182 1364 Naeui)
1197 1307 1291 1353 nnnc

229 1403 402 1476 oronites?

292 1528 469 1599 Naeuius:

292 1648 464 1720 Sronnrro.

226 1774 228 1779 '
293 1775 390 1842 Haec
411 1779 520 1840 autem
546 1775 737 1860 sponsionis
758 1776 933 1860 conceptio
956 1793 1054 1861 quum
1081 1773 1125 1840 ad
1146 1775 1291 1840 littorum

230 1899 409 1963 conueniat
431 1897 495 1986 illi,
518 1915 613 1982 quam
634 1899 731 1962 recta
751 1897 832 1961 iuris
852 1898 984 1962 ratione
1005 1896 1076 1962 deri
1101 1898 1292 1963 necessario

232 2016 386 2083 debuisse
409 2017 626 2105 ostendimus,
646 2018 770 2084 factam
789 2036 865 2084 esse
882 2013 1076 2085 Ciceronem
1092 2019 1190 2084 etiam
1206 2036 1292 2085 con-

232 2142 341 2224 queri,
362 2139 513 2226 adeoque
527 2142 582 2205 uel
599 2141 719 2205 iterato
736 2139 877 2225 quodam
892 2141 1082 2206 testimonio
1097 2139 1292 2206 confirmare

231 2262 470 2348 intelleximus3
505 2281 590 2348 quae
623 2261 756 2327 tandem
788 2279 911 2329 caussa
942 2261 1006 2330 dici
1038 2262 1181 2346 poterit,
1212 2263 1292 2346 quin

231 2378 388 2450 Codicum
420 2385 613 2450 auctoritati
647 2402 838 2468 pareamus,
869 2384 1063 2468 textumque
1094 2381 1173 2447 inda
1199 2381 1292 2448 deri-

232 2507 343 2568 uatum
371 2523 433 2588 pro
462 2505 560 2570 unice
591 2523 673 2568 uero
705 2506 807 2589 alque
839 2505 987 2590 genuino
1017 2505 1051 2569 in
1079 2503 1292 2569 Editionibus

232 2626 358 2689 nostris
378 2625 536 2718 religiose
558 2616 819 2689 conserucmus?

296 2741 438 2824 Quando
461 2746 564 2827 igitur
584 2761 605 2808 a
620 2743 787 2828 plerisque
801 2742 1007 2831 Editoribm,
1028 2747 1121 2810 certe
1135 2762 1156 2809 a
1170 2762 1293 2813 recen-

233 2864 373 2930 tioribus
401 2866 567 2947 omuibus,
598 2864 762 2929 diuersam
792 2867 891 2950 plane
919 2865 1095 2932 lectionem
1123 2862 1292 2953 receptam

233 3004 308 3052 esse
339 2987 537 3069 inuenimus,
571 2988 720 3051 nimirum
757 2988 874 3072 talem,
910 3005 989 3072 qua,
1025 2988 1128 3052 uarlis
1163 2987 1293 3074 quidem

234 3108 407 3173 uerborum
429 3107 561 3198 figuris,
582 3110 614 3172 ui
638 3113 672 3174 ei
694 3109 816 3174 effectu
836 3111 948 3174 tamen
968 3084 1101 3194 semper
1114 3113 1293 3197 impactum,

233 3249 329 3316 quam
353 3225 496 3297 Codices
523 3228 698 3314 exhibent,
725 3233 922 3317 sponsionis
950 3231 1105 3296 condicio
1128 3232 1162 3294 in
1188 3229 1293 3315 offir-

232 3356 405 3417 motiuom
420 3352 636 3431 conuertitur,
661 3369 769 3436 neque
791 3350 825 3416 id
847 3352 964 3417 critica
986 3350 1126 3436 quadam
1147 3353 1293 3433 ratione,

233 3471 293 3538 sed
319 3475 458 3558 propter
485 3490 622 3554 sensus,
651 3491 746 3556 quam
774 3474 831 3537 alli
859 3473 955 3537 aliam
982 3474 1044 3539 sibi
1076 3472 1289 3555 effinxerunt,

232 3596 468 3661 necessitatem
500 3593 571 3658 lieri
602 3594 833 3678 intelligimus:
865 3612 965 3679 spero
1000 3594 1092 3680 fore,
1124 3598 1177 3677 ut,
1207 3612 1293 3679 quae

233 3715 342 3783 adhuc
363 3715 622 3802 disputauimns‚
642 3733 704 3800 pro
727 3713 848 3779 idonea
868 3714 1073 3781 refutatione
1088 3714 1294 3802 habeantur3

233 3856 342 3923 neque
363 3840 444 3923 puto
467 3836 607 3922 amplius
628 3855 649 3901 a
670 3854 721 3902 me
743 3837 916 3922 quicquam
936 3837 1102 3931 praestari
1120 3840 1293 3925 oportere,

234 3960 300 4024 nisi
322 3961 372 4023 ut
407 3978 504 4044 quam
539 3959 734 4025 breuissima
767 3958 873 4044 primo
911 3977 996 4045 quae
1036 3957 1078 4025 de
1114 3957 1294 4025 (lodicibus

235 4078 429 4162 traduntur,
450 4079 569 4146 deinde
590 4082 702 4146 uarias
723 4082 790 4145 tam
811 4078 984 4145 Editorum
1006 4098 1101 4163 quum
1116 4075 1293 4146 Commen—
1328 4122 1330 4127 «

236 4201 380 4264 latorum
408 4184 581 4285 opiniones
603 4220 813 4289 recenseam,
847 4205 1015 4288 postremo
1045 4220 1192 4267 errorum
1221 4202 1293 4284 pri-

238 4318 372 4400 marias,
394 4339 480 4406 quae
500 4322 611 4400 luere,
631 4342 770 4391 caussas
789 4322 1020 4390 demonstrem.
