3352 5276
231 503 315 590 Μ.
332 498 495 575 Deme
510 497 553 572 V.
564 496 945 574 eos-sonosque
957 500 1202 597 quaestiones.
1234 495 1294 558 103

297 710 449 758 «caussa
481 689 636 779 abesset,
668 706 830 775 possessa
862 691 1106 774 proscriptam
1121 679 1158 762 ¹³)
1189 690 1294 776 saort,
1327 692 1447 744 numu

297 817 449 877 «1111111»
483 811 544 876 111.

293 935 363 998 Iam
384 935 491 1017 ipsam
512 932 610 997 buius
630 933 719 1024 legis
740 920 966 1017 sanctionem,
994 930 1114 1016 quibus
1139 929 1295 1014 personis

230 1055 283 1119 lus
317 1055 483 1138 publlcum
518 1056 566 1120 ita
601 1056 646 1119 sit
677 1053 900 1138 deminutum,
935 1051 980 1118 ad
1016 1053 1294 1137 existimationem

230 1178 507 1265 ignominiamque
528 1178 700 1261 pertinere
707 1174 839 1264 ,hodie
860 1178 951 1241 inter
972 1193 1087 1240 omnes
1104 1164 1294 1250 constst¹¹⁸t

229 1298 320 1364 Ecce
341 1300 445 1386 igitur
467 1299 660 1383 opulentum
681 1298 770 1386 legis
785 1294 1031 1380 testimonium,
1064 1314 1129 1381 quo
1151 1312 1294 1380 posses-

228 1422 323 1486 sione
344 1438 385 1489 ac
406 1418 672 1504 proscriptione,
698 1437 766 1482 non
793 1417 985 1487 addictione
1014 1415 1140 1482 demum
1171 1418 1294 1481 existi-

228 1543 403 1609 mationem
430 1544 573 1626 perlisse
600 1539 821 1606 confirmetur.
878 1538 951 1604 Nec
980 1538 1080 1603 facile
1108 1536 1295 1604 audiendus

229 1664 292 1727 erit
324 1664 379 1747 qui
411 1663 588 1727 uerborum
619 1662 827 1746 proprietate
849 1661 1008 1749 neglecta
1031 1660 1293 1747 existiment,

227 1782 343 1848 uerbis
372 1781 502 1868 quidem
530 1801 603 1847 eum
636 1780 856 1846 demonstrari
884 1783 981 1847 cuius
1013 1780 1101 1845 bona
1133 1798 1294 1864 possessa

228 1905 461 1988 proscriptaue
483 1906 616 1988 essent,
651 1921 690 1968 re
719 1906 828 1968 autem
857 1905 891 1968 et
917 1904 1062 1968 ueritate
1084 1920 1157 1967 eum
1179 1902 1293 1986 potius

227 2026 370 2114 intelligi
401 2026 456 2110 qui
488 2025 619 2109 plenam
651 2025 903 2111 absolutamque
930 2025 1092 2090 bonorum
1121 2022 1293 2089 uenditio-

227 2165 302 2212 nem
324 2166 446 2230 passus
475 2149 577 2212 esset.
631 2145 714 2211 Nam
744 2149 781 2211 ut
810 2151 939 2214 taceam
968 2146 1010 2213 de
1028 2146 1217 2245 Romanis,
1248 2144 1292 2211 ad

226 2267 465 2353 concipiendas
486 2267 740 2353 exarandasque
761 2270 858 2358 leges
880 2272 1020 2334 omnlum
1042 2268 1207 2334 bominum
1236 2268 1292 2333 di·

197 2402 202 2413 '
224 2391 469 2479 ligentissimis‚
491 2390 730 2476 subtilissimis,
752 2391 1067 2475 scrupulosissimis,
1096 2410 1181 2476 quoe
1203 2393 1290 2455 ratio

226 2514 277 2575 cst
300 2514 505 2595 existimare,
538 2514 675 2575 nostroe
703 2511 974 2598 legislatorem,
1010 2530 1106 2594 quum
1130 2512 1290 2576 bonorum

225 2630 428 2695 uenditionis
449 2618 608 2694 adfinem
630 2649 736 2714 usque
758 2634 917 2715 pernotae
940 2630 1112 2715 effectum,
1137 2633 1192 2716 qui
1213 2631 1291 2696 llo-

226 2769 298 2815 mae
320 2749 511 2836 iampridem
544 2752 761 2835 obtinuisset,
788 2751 909 2816 Italiae
936 2770 1069 2836 quoque
1098 2753 1291 2817 ciuitatibus

224 2874 394 2956 impertire
421 2873 545 2958 uellet,
581 2871 666 2938 adeo
696 2871 811 2937 rudem
846 2875 949 2965 atque
984 2876 1131 2958 ineptum
1167 2873 1289 2958 tuisse,

224 2995 261 3061 ut
284 3013 345 3079 pro
368 2993 533 3060 botrorum
561 2994 784 3078 beneditione,
819 3012 857 3059 re
871 3012 928 3060 ‘ac
958 2996 1089 3060 nomine
1117 2998 1308 3085 notissima,

224 3116 517 3202 paratissimaquc,
553 3117 706 3206 singulos
734 3116 861 3201 aliquot
884 3119 1001 3201 actus,
1034 3116 1289 3201 praeparandae

223 3235 428 3302 uenditionis
459 3255 581 3304 caussa
608 3241 839 3323 comparatos,
872 3242 1126 3324 possessionem
1157 3240 1289 3306 scillcet

220 3375 264 3422 ac
284 3362 594 3445 prosettpttonenn,
625 3357 886 3446 demonstraret,
913 3357 1065 3443 adeoque
1096 3362 1288 3426 11111111-

222 3481 306 3545 simo
337 3480 635 3565 uulgatissimoque
664 3480 738 3546 iure
769 3481 958 3567 ambiguum
991 3483 1093 3566 atque
1125 3482 1288 3546 incertum

224 3593 402 3668 alliceret?
822 3604 825 3613 ¹

257 3894 302 3960 13)
330 3899 403 3950 Nihil
435 3899 593 3950 offensionis
624 3899 725 3949 babere
782 3898 843 3950 200.
866 3912 942 3963 seqq.
970 3921 1004 3937 -
1032 3900 1108 3963 Quae
1130 3900 1286 3951 Dirissnios

223 3987 331 4037 uidetur
357 3987 521 4038 disinneliua
549 3989 618 4038 baec
645 3990 726 4050 parti·
782 3988 816 4038 ad
844 3988 911 4039 Tala.
932 3988 1041 4039 lleracl.
1063 4005 1089 4053 p.
1109 3992 1170 4040 102.
1192 3997 1285 4042 contra

222 4075 380 4126 culalloul.
392 4073 454 4126 Gaii
467 4078 571 4127 Comm.
583 4077 632 4126 lll.
643 4074 724 4139 §Jib-
782 4077 890 4129 uidetur
908 4077 1051 4137 disserere,
1071 4079 1105 4128 ad
1122 4081 1285 4142 propositam

222 4176 285 4213 cum
310 4163 413 4214 Comm.
438 4165 483 4214 lV.
507 4163 536 4226 §-
558 4166 619 4215 102.
644 4164 724 4217 Prae·
782 4167 878 4218 saltem
897 4166 1047 4217 clsusulsm
1066 4181 1121 4217 non
1140 4169 1283 4231 pertinent.

222 4257 296 4302 111111
315 4252 346 4302 L.
365 4252 409 4302 53.
428 4252 468 4302 lte
486 4253 518 4302 V.
537 4254 563 4303 S·
781 4256 861 4306 Conl.
881 4256 947 4307 ibid.
968 4270 994 4319 p.
1015 4255 1076 4306 110.

258 4337 302 4403 lt)
322 4339 441 4403 Soviqnq
460 4341 479 4389 l.
499 4355 523 4390 c.
540 4356 567 4404 p.
582 4343 641 4392 107.
659 4342 721 4393 201.
