3420 5280
440 516 477 594 s.
504 504 537 578 1.
589 501 733 578 Indicio·
757 501 865 598 oripo
890 507 926 572 et
952 507 1107 572 nutura.
1269 498 1290 558 Ἰ

236 693 407 779 auxilium,
435 711 502 759 non
522 693 627 757 solum
654 708 764 758 coram
793 688 956 754 Praetore
983 688 1018 751 in
1040 685 1170 753 tudtctta
1198 687 1291 753 orrir-
1310 687 1414 739 “nm

236 813 371 897 nandto,
391 832 514 879 uerum·
527 815 625 878 etlam
646 813 680 876 in
701 813 771 876 uita
793 808 984 893 quotidiana
1000 806 1292 883 miracimmum).
1409 790 1412 853 ἶ

298 931 506 1002 Sententiam
528 933 647 1000 indicto
662 932 833 998 desideras
848 931 890 995 de
905 934 976 996 ture
991 930 1102 1015 attquo
1116 933 1175 995 aut
1189 931 1292 1013 facto,
1402 930 1407 1037 ,³

236 1057 329 1123 cutus
349 1057 440 1120 nulla
461 1058 552 1121 actto
575 1059 636 1120 est.
679 1052 766 1134 Quid
788 1044 980 1142 agendum?
1400 1124 1402 1133 Ι

297 1177 423 1261 Nempe
445 1176 500 1242 fac
521 1177 581 1241 tibi
607 1194 780 1261 compares
801 1173 933 1259 aliquod
955 1174 1021 1256 tuo,
1053 1170 1141 1258 quod
1165 1189 1291 1259 genere
1398 1156 1402 1221 ἶ

236 1298 364 1385 quidem
386 1317 447 1365 auo
469 1297 657 1384 cxpedttam
680 1296 801 1362 habent
819 1297 996 1378 actionem,
1024 1297 1059 1358 at
1074 1292 1118 1358 ad
1132 1296 1291 1377 propost-

235 1423 413 1484 tumtunm
442 1421 489 1485 ita
518 1422 742 1486 constituatur
772 1421 873 1501 atque
902 1435 974 1482 cum
1002 1417 1113 1500 priore
1139 1415 1196 1479 nlo
1219 1416 1289 1479 tnre

234 1541 369 1608 factoue
391 1543 622 1629 coniungatur,
644 1524 680 1604 ut
701 1538 765 1605 hoc
785 1536 1021 1623 quodammodo
1036 1538 1118 1601 inse
1132 1538 1288 1620 recipiat,

234 1681 340 1748 eaque
361 1662 556 1728 condicione
578 1642 682 1726 totum
703 1658 938 1745 suspendatur.
992 1692 1000 1707 ·

296 1784 372 1849 Hoc
401 1784 541 1849 cons'llio
572 1784 661 1848 actio
696 1782 755 1846 tibi
791 1780 1053 1864 comparabitur,
1068 1808 1074 1817 ·
1091 1780 1162 1844 ture
1200 1780 1288 1846 ctuttt

234 1906 434 1987 constItutn,
456 1923 520 1989 qua
542 1903 583 1967 de
605 1905 736 1968 actione
759 1921 853 1971 nemo
870 1901 971 1967 index
986 1903 1110 1986 poterit
1124 1901 1288 1988 iudicare,

140 2100 147 2115 ⁴
235 2027 298 2090 ntsi
326 2029 418 2111 prius
444 2025 485 2091 de
512 2027 584 2090 iure
610 2026 667 2090 illo
696 2025 848 2108 factonc,
880 2023 970 2110 quod
996 2025 1092 2090 unice
1114 2024 1172 2119 tibt
1194 2023 1286 2090 cordi

234 2151 302 2232 eat,
323 2149 520 2237 cognouerit
542 2150 576 2213 et
597 2146 802 2213 indicauerit.

295 2268 473 2334 Enimuero
498 2271 528 2333 is
555 2269 618 2334 furt
643 2270 856 2353 sponsIonum
884 2288 966 2334 usus
988 2268 1030 2333 ab
1050 2268 1287 2354 anttqntaoimta

234 2392 436 2475 temporibus
457 2390 712 2478 uulgattaatmrrs.

295 2511 581 2577 Certisstmoenim
594 2512 664 2574 inre
683 2528 814 2592 semper
832 2510 1028 2594 constabat,
1050 2511 1105 2592 out
1125 2508 1286 2596 Sponden
1307 2494 1312 2583 fl

235 2628 399 2716 Sporadeo
419 2630 527 2692 forma
548 2627 695 2692 adbibita
711 2631 835 2692 certem
856 2630 1018 2711 pecuniae
1035 2647 1189 2692 summam
1205 2647 1287 2712 pro·
1313 2656 1315 2669 =

234 2751 394 2833 misisset,
416 2766 488 2813 eum
510 2748 597 2812 ciuili
619 2748 751 2812 actione
772 2746 849 2813 inde
870 2750 987 2813 teneri.
1314 2744 1317 2757 '

296 2867 407 2950 Quare
422 2887 493 2935 cum
508 2867 573 2932 duo
589 2864 636 2932 de
646 2886 848 2953 quacumque
867 2888 922 2952 re,
938 2868 1040 2953 facta
1061 2874 1152 2935 esset
1169 2889 1286 2952 necne,

232 3011 317 3058 uera
332 2996 423 3056 erret
442 3009 565 3075 trecate,
587 2992 674 3054 inter
688 3009 725 3055 se
740 2992 931 3077 certabant,
953 2994 987 3056 et
1002 2990 1100 3056 iudici
1115 3010 1186 3055 enm
1201 3010 1285 3058 con-

233 3115 425 3177 trouersiam
436 3113 600 3177 subiicere
611 3113 800 3197 cupiebant,
817 3113 1007 3196 expeditum
1020 3119 1092 3178 erat
1104 3115 1285 3196 consilium,

232 3237 269 3298 ut
290 3237 413 3299 certam
436 3235 596 3317 pecuniae
611 3253 764 3298 summam
780 3235 867 3298 alter
880 3235 922 3298 ab
937 3235 1044 3298 altero
1059 3237 1285 3321 stipularetnr,

232 3353 362 3419 adiectu
374 3353 585 3438 condicione,
599 3344 631 3419 ot
645 3373 687 3418 eu
706 3373 761 3420 rer
777 3372 863 3419 uere
875 3356 1021 3438 factoue
1037 3362 1101 3422 nect
1117 3362 1207 3422 esset
1221 3363 1284 3422 nort

232 3495 301 3540 non
322 3481 431 3559 esset,
461 3474 579 3539 deinde
606 3494 686 3539 nero
713 3478 767 3559 qui
789 3477 968 3561 stipulatus
989 3481 1095 3563 esset,
1123 3477 1285 3542 aduersus

229 3598 385 3681 alterum,
414 3599 468 3680 qui
497 3597 749 3681 spopondisset,
780 3600 943 3662 actionem
966 3597 1007 3662 de
1029 3601 1168 3683 pecunia
1190 3602 1283 3663 corta

231 3717 358 3784 credita
386 3736 407 3783 a
431 3717 594 3783 Praetore
623 3719 825 3801 postularet,
853 3737 959 3804 eoque
987 3718 1106 3783 iudicio
1130 3719 1282 3784 oronnam

264 3987 293 4043 5)
305 3986 658 4049 Notissimaonntexempla:
668 3985 726 4036 Liu.
785 3987 1279 4049 adflerenninm1V‚23.-Plant.ltud.

233 4073 727 4134 111,nn.5n.57.XXX1X,ne.xnnn.
785 4076 835 4137 111,
847 4075 875 4137 t,
886 4077 912 4127 7.
928 4078 958 4138 V,
972 4078 1033 4139 ult,
1046 4077 1090 4126 24.
1103 4102 1133 4113 -
1142 4078 1200 4127 Vnt.
1209 4078 1280 4129 uox.

233 4159 288 4210 Cic.
304 4162 332 4211 in
344 4163 455 4212 Verrem
471 4163 494 4222 1,
507 4163 550 4212 45.
565 4163 614 4223 111,
628 4163 672 4213 57.
682 4163 725 4214 59.
784 4165 820 4225 11,
834 4166 860 4227 8,
874 4167 900 4214 2.
915 4166 960 4227 Vl,
971 4168 997 4224 1,
1012 4168 1053 4216 10.
1066 4172 1091 4217 ot
1103 4168 1129 4225 5,
1141 4166 1167 4216 4.
1181 4166 1240 4224 VH,
1255 4166 1281 4224 2,

231 4248 274 4298 62.
281 4249 312 4309 V,
325 4249 368 4298 54.
379 4251 407 4298 in
416 4249 504 4299 Pison.
516 4265 540 4299 o.
549 4252 593 4300 23.
605 4253 638 4300 ad
652 4251 725 4300 Fam.
783 4253 810 4303 4.
820 4254 1014 4305 —Golninn
1025 4254 1280 4314 vr1‚11.xlv,·2.-

232 4336 291 4397 Vll,
300 4336 343 4386 21.
355 4337 388 4386 de
400 4335 502 4387 Officiis
514 4338 563 4397 ΙΙΙ,
575 4338 616 4389 19.
628 4339 728 4391 Auctor
783 4342 890 4393 Patron.
905 4344 988 4406 Satyr-
1004 4358 1026 4392 o·
1039 4345 1081 4393 70.
1095 4348 1161 4392 eutr.v
