3420 5280
422 509 465 572 Bi
517 501 612 605 Gap.
638 504 674 578 Ι.
727 504 788 579 De
814 509 899 579 iare
925 529 1084 580 enassne
1114 504 1379 593 Quinctianae.

255 693 403 802 ffirgfbss
422 695 586 781 sissimus,
609 697 791 780 propterea
812 693 901 780 quod
922 701 1062 778 sponsio
1083 713 1210 783 genere
1224 716 1286 761 suo
1301 698 1485 784 siiprtiatio

251 808 354 856 imm·
423 819 492 901 est,
516 817 621 879 omnis
643 819 752 880 autem
773 817 944 899 stipulatio
966 834 1008 880 ex
1030 818 1223 901 stipulantis
1238 836 1394 902 persona,
1418 836 1485 884 noa

423 955 467 1002 ex
489 940 715 1021 promittentis
737 937 978 1022 spondentisue
1002 940 1198 1023 coneipitur.

484 1052 557 1125 Nee
578 1060 714 1126 meliora
735 1062 828 1146 sunt,
855 1078 939 1143 quae
961 1059 1179 1144 complendae
1200 1061 1289 1125 iilius
1309 1058 1485 1127 doetrinae

422 1198 543 1246 caussa
565 1179 650 1246 ldem
672 1180 714 1245 V.
737 1181 778 1245 D·
802 1179 945 1245 addidit:
982 1218 985 1223 -

485 1338 635 1424 Namque
657 1358 729 1404 eum
752 1308 848 1424 putat
869 1357 1001 1425 semper
1022 1339 1086 1406 diei
1110 1360 1295 1425 prouocare
1317 1340 1360 1407 ad
1378 1362 1486 1426 spon-

423 1461 566 1540 sionem,
595 1461 648 1546 qui
679 1460 771 1544 prior
799 1462 993 1548 stipuletur,
1024 1464 1166 1546 priorem
1195 1466 1305 1528 autem
1333 1465 1487 1547 stipulari

424 1601 515 1664 eum,
549 1583 601 1667 qui
635 1581 791 1669 affirmet,
822 1580 995 1648 affirmare
1019 1582 1160 1675 denique
1192 1602 1281 1666 eum,
1313 1587 1367 1671 qui
1395 1588 1487 1670 prlor

422 1702 546 1789 aliquid
568 1705 711 1789 statuat,
734 1701 822 1787 quod
844 1707 1051 1790 argumentis
1073 1709 1106 1770 et
1130 1706 1272 1772 testibus
1295 1708 1429 1792 probari
1446 1725 1486 1774 ae

422 1826 565 1914 transigi
601 1829 762 1910 nequeat,
804 1826 1014 1911 quamobrem
1052 1845 1116 1912 quo
1153 1827 1335 1893 aduersarii
1371 1830 1487 1918 lingua

422 1950 674 2031 compescatur,
703 1945 881 2011 affirmanti
908 1946 951 2012 ad
980 1950 1192 2032 sponsionem
1222 1951 1265 2013 sit
1294 1970 1486 2035 prouocan-

423 2064 557 2143 dum40).
599 2066 697 2150 Quod
720 2070 774 2153 qui
797 2069 919 2150 faeiat,
948 2089 1080 2154 semper
1109 2090 1170 2154 pro
1193 2071 1380 2136 affirmante
1410 2090 1485 2136 esse

421 2188 627 2276 habendum,
658 2207 766 2274 neque
800 2189 974 2279 quidquam
1008 2193 1190 2273 iuteresse,
1222 2196 1330 2257 utrum
1362 2192 1487 2278 aliquid

423 2330 499 2377 esse
520 2329 564 2375 an
586 2302 656 2375 non
678 2330 753 2377 esse
783 2311 938 2398 affirmet,
969 2312 1066 2377 modo
1096 2316 1295 2379 sententiam
1323 2334 1415 2379 suam
1444 2315 1486 2381 ab

423 2434 530 2498 altero
546 2435 771 2522 impugnatam
786 2437 835 2499 sie
850 2434 931 2498 uelit
943 2436 1039 2520 tueri,
1053 2437 1090 2498 ui
1103 2454 1175 2499 earn
1187 2436 1300 2501 iubeat
1310 2435 1487 2522 spondere.

434 2666 439 2683 „
486 2594 528 2659 In
545 2611 680 2678 summa,
702 2590 915 2678 Stipniaiio,
934 2594 1056 2679 inquit,
1077 2598 1112 2659 ei
1129 2599 1268 2680 sponsio
1287 2599 1367 2681 ipsa
1378 2593 1488 2680 fiebat

486 2733 563 2780 mem
577 2713 756 2801 porticulo
776 2707 828 2803 Sr,
848 2715 1069 2800 restipulatio
1086 2720 1122 2779 et
1136 2720 1313 2809 responsio
1329 2736 1405 2782 erran
1423 2736 1487 2803 op-

485 2840 602 2923 posita
629 2836 690 2920 N¹3
738 2832 891 2907 Praetor
918 2835 1063 2924 dariique
1091 2836 1241 2902 iudicem
1272 2837 1382 2909 aeaut
1409 2856 1487 2904 earn

486 2956 665 3044 pertineto
686 2950 737 3022 Sr.

487 3114 590 3200 Huic,
616 3117 678 3197 ait,
700 3116 839 3198 rationi,
861 3116 1056 3202 ubicumque
1077 3136 1133 3184 res
1157 3125 1329 3207 occurrat,
1356 3121 1487 3185 aiteru-

425 3241 512 3317 tram'
546 3237 740 3321 particulam
774 3237 828 3302 uei
859 3232 900 3303 So
932 3239 986 3303 uel
1018 3238 1062 3304 Νι
1094 3244 1160 3305 iam
1193 3244 1415 3309 neeessariam
1453 3243 1487 3307 et

425 3360 593 3444 propriam
616 3377 708 3442 esse,
1090 3431 1095 3437 ,

490 3486 573 3569 «nt,
594 3480 654 3546 nbi
675 3500 753 3545 eum
774 3481 883 3566 tepent
904 3486 1093 3569 mtpruiarn
1117 3485 1314 3573 uideamus,
1342 3484 1390 3555 ibi
1418 3504 1487 3550 aa·

489 3605 637 3688 «docter
669 3606 733 3668 nori
764 3603 927 3668 librarios
957 3606 1074 3671 mendi
1111 3625 1277 3671 accusare
1303 3612 1367 3671 ont
1393 3610 1487 3692 ipsos

491 3730 700 3810 «scriptores
728 3725 959 3811 aepiipentiue
988 3726 1191 3792 insimulare
1218 3732 1283 3793 ant
1310 3728 1398 3792 adeo
1424 3747 1487 3793 reos

491 3851 644 3911 «erroris
665 3865 812 3931 orauere
835 3847 1048 3912 tepeamus.»

460 4182 508 4241 ao)
527 4182 613 4232 Immo
628 4196 681 4246 qao
694 4184 782 4232 maior
792 4184 869 4245 copia
881 4184 927 4232 do·
985 4169 1488 4247 eriiaiqueiuiiice‚auieontrouersiae

427 4278 630 4331 camentorum,
645 4272 770 4332 testium,
784 4284 928 4333 argumen·
984 4285 1095 4333 operam
1109 4273 1153 4322 det
1165 4285 1197 4321 ac
1210 4272 1364 4322 Praetorem
1376 4287 1407 4322 ea
1421 4287 1486 4322 cura

425 4367 531 4420 iorum,
552 4375 584 4410 eo
599 4362 686 4424 magis
700 4361 846 4423 sponsione
860 4374 927 4422 opus
985 4361 1117 4410 subieaet.
1155 4362 1221 4411 Vide
1245 4376 1325 4424 supra
1347 4377 1373 4425 p.
1394 4362 1420 4411 6.
1442 4362 1484 4411 16.
1506 4370 1509 4373 ‘
