<?xml version="1.0" encoding="UTF-8"?>
<!DOCTYPE html PUBLIC "-//W3C//DTD XHTML 1.0 Transitional//EN"
    "http://www.w3.org/TR/xhtml1/DTD/xhtml1-transitional.dtd">
<html xmlns="http://www.w3.org/1999/xhtml" xml:lang="en" lang="en">
 <head>
  <title>
</title>
<meta http-equiv="Content-Type" content="text/html;charset=utf-8" />
  <meta name='ocr-system' content='tesseract 3.04.00' />
  <meta name='ocr-capabilities' content='ocr_page ocr_carea ocr_par ocr_line ocrx_word'/>
</head>
<body>
  <div class='ocr_page' id='page_1' title='image "./semestriumadmtu01kellgoog_0191.png"; bbox 0 0 3352 5276; ppageno 0'>
   <div class='ocr_carea' id='block_1_1' title="bbox 415 496 1383 597">
    <p class='ocr_par' dir='ltr' id='par_1_1' title="bbox 415 496 1383 597">
     <span class='ocr_line' id='line_1_1' title="bbox 415 496 1383 597; baseline 0.012 -35"><span class='ocrx_word' id='word_1_1' title='bbox 415 500 475 562; x_wconf 71' lang='lat'><strong>172</strong></span> <span class='ocrx_word' id='word_1_2' title='bbox 514 497 609 597; x_wconf 84' lang='lat' dir='ltr'><strong>Cop.</strong></span> <span class='ocrx_word' id='word_1_3' title='bbox 636 499 670 573; x_wconf 92' lang='grc' dir='ltr'><strong>Ι.</strong></span> <span class='ocrx_word' id='word_1_4' title='bbox 723 496 784 573; x_wconf 83' lang='lat' dir='ltr'><strong>De</strong></span> <span class='ocrx_word' id='word_1_5' title='bbox 817 503 904 574; x_wconf 81' lang='lat' dir='ltr'><strong>iure</strong></span> <span class='ocrx_word' id='word_1_6' title='bbox 931 522 1092 574; x_wconf 76' lang='lat' dir='ltr'><strong><em>caussae</em></strong></span> <span class='ocrx_word' id='word_1_7' title='bbox 1118 497 1383 587; x_wconf 75' lang='lat' dir='ltr'><strong>Quinctianae.</strong></span> 
     </span>
    </p>
   </div>
   <div class='ocr_carea' id='block_1_2' title="bbox 413 687 1481 1383">
    <p class='ocr_par' dir='ltr' id='par_1_2' title="bbox 413 687 1481 1383">
     <span class='ocr_line' id='line_1_2' title="bbox 476 687 1481 777; baseline 0.001 -23"><span class='ocrx_word' id='word_1_8' title='bbox 476 687 575 771; x_wconf 74' lang='lat' dir='ltr'><strong>Quod</strong></span> <span class='ocrx_word' id='word_1_9' title='bbox 590 694 627 754; x_wconf 87' lang='lat' dir='ltr'><strong>ut</strong></span> <span class='ocrx_word' id='word_1_10' title='bbox 642 689 844 756; x_wconf 80' lang='lat' dir='ltr'><strong>commodius</strong></span> <span class='ocrx_word' id='word_1_11' title='bbox 859 688 1038 774; x_wconf 82' lang='lat' dir='ltr'><strong>procedet,</strong></span> <span class='ocrx_word' id='word_1_12' title='bbox 1060 689 1247 771; x_wconf 78' lang='lat' dir='ltr'><strong>uideamus,</strong></span> <span class='ocrx_word' id='word_1_13' title='bbox 1263 692 1382 776; x_wconf 83' lang='lat' dir='ltr'><strong>quibus</strong></span> <span class='ocrx_word' id='word_1_14' title='bbox 1398 710 1481 777; x_wconf 83' lang='lat' dir='ltr'><strong>por-</strong></span> 
     </span>
     <span class='ocr_line' id='line_1_3' title="bbox 414 810 1481 897; baseline -0.001 -21"><span class='ocrx_word' id='word_1_15' title='bbox 414 813 504 876; x_wconf 88' lang='lat' dir='ltr'><strong>tibus</strong></span> <span class='ocrx_word' id='word_1_16' title='bbox 526 814 641 876; x_wconf 73' lang='lat' dir='ltr'><strong>orator</strong></span> <span class='ocrx_word' id='word_1_17' title='bbox 662 810 891 876; x_wconf 83' lang='lat' dir='ltr'><strong>defensionem</strong></span> <span class='ocrx_word' id='word_1_18' title='bbox 914 830 1006 877; x_wconf 82' lang='lat' dir='ltr'><strong>suom</strong></span> <span class='ocrx_word' id='word_1_19' title='bbox 1022 811 1244 897; x_wconf 76' lang='lat' dir='ltr'><strong>disposuerit,</strong></span> <span class='ocrx_word' id='word_1_20' title='bbox 1266 811 1388 878; x_wconf 85' lang='lat' dir='ltr'><strong>deinde</strong></span> <span class='ocrx_word' id='word_1_21' title='bbox 1403 815 1481 897; x_wconf 84' lang='lat' dir='ltr'><strong>qut-</strong></span> 
     </span>
     <span class='ocr_line' id='line_1_4' title="bbox 413 933 1481 1022; baseline 0.001 -25"><span class='ocrx_word' id='word_1_22' title='bbox 413 933 476 997; x_wconf 89' lang='lat' dir='ltr'><strong>bus</strong></span> <span class='ocrx_word' id='word_1_23' title='bbox 498 933 582 999; x_wconf 86' lang='lat' dir='ltr'><strong>toeis</strong></span> <span class='ocrx_word' id='word_1_24' title='bbox 603 952 664 998; x_wconf 88' lang='lat' dir='ltr'><strong>seu</strong></span> <span class='ocrx_word' id='word_1_25' title='bbox 684 935 892 1022; x_wconf 77' lang='lat' dir='ltr'><strong>argumentis</strong></span> <span class='ocrx_word' id='word_1_26' title='bbox 914 950 1176 1020; x_wconf 73' lang='lat' dir='ltr'><strong>unamquamque</strong></span> <span class='ocrx_word' id='word_1_27' title='bbox 1199 937 1327 1018; x_wconf 82' lang='lat' dir='ltr'><strong>portem</strong></span> <span class='ocrx_word' id='word_1_28' title='bbox 1350 936 1481 999; x_wconf 90' lang='lat' dir='ltr'><strong>instru-</strong></span> 
     </span>
     <span class='ocr_line' id='line_1_5' title="bbox 414 1054 1480 1144; baseline 0.002 -25"><span class='ocrx_word' id='word_1_29' title='bbox 414 1056 512 1119; x_wconf 88' lang='lat' dir='ltr'><strong>xerit.</strong></span> <span class='ocrx_word' id='word_1_30' title='bbox 565 1054 651 1120; x_wconf 83' lang='lat' dir='ltr'><strong>Nom</strong></span> <span class='ocrx_word' id='word_1_31' title='bbox 679 1054 721 1120; x_wconf 85' lang='lat' dir='ltr'><strong>de</strong></span> <span class='ocrx_word' id='word_1_32' title='bbox 751 1058 823 1141; x_wconf 85' lang='lat' dir='ltr'><strong>ipso</strong></span> <span class='ocrx_word' id='word_1_33' title='bbox 851 1073 982 1140; x_wconf 83' lang='lat' dir='ltr'><strong>quoque</strong></span> <span class='ocrx_word' id='word_1_34' title='bbox 1005 1056 1185 1139; x_wconf 74' lang='lat' dir='ltr'><strong>partitione</strong></span> <span class='ocrx_word' id='word_1_35' title='bbox 1206 1056 1480 1144; x_wconf 78' lang='lat' dir='ltr'><strong>singulorumque</strong></span> 
     </span>
     <span class='ocr_line' id='line_1_6' title="bbox 414 1175 1481 1262; baseline -0.001 -21"><span class='ocrx_word' id='word_1_36' title='bbox 414 1178 556 1261; x_wconf 81' lang='lat' dir='ltr'><strong>portium</strong></span> <span class='ocrx_word' id='word_1_37' title='bbox 586 1177 705 1242; x_wconf 88' lang='lat' dir='ltr'><strong>finibus</strong></span> <span class='ocrx_word' id='word_1_38' title='bbox 738 1177 916 1262; x_wconf 84' lang='lat' dir='ltr'><strong>pterosque</strong></span> <span class='ocrx_word' id='word_1_39' title='bbox 938 1178 1161 1262; x_wconf 78' lang='lat' dir='ltr'><strong>interpretes,</strong></span> <span class='ocrx_word' id='word_1_40' title='bbox 1197 1175 1261 1243; x_wconf 80' lang='lat' dir='ltr'><strong>hoo</strong></span> <span class='ocrx_word' id='word_1_41' title='bbox 1284 1179 1481 1262; x_wconf 78' lang='lat' dir='ltr'><strong>praesertim</strong></span> 
     </span>
     <span class='ocr_line' id='line_1_7' title="bbox 414 1299 1214 1383; baseline -0.003 -21"><span class='ocrx_word' id='word_1_42' title='bbox 414 1303 543 1383; x_wconf 80' lang='lat' dir='ltr'><strong>aetate,</strong></span> <span class='ocrx_word' id='word_1_43' title='bbox 565 1299 753 1383; x_wconf 82' lang='lat' dir='ltr'><strong>perniciose</strong></span> <span class='ocrx_word' id='word_1_44' title='bbox 776 1317 906 1381; x_wconf 81' lang='lat' dir='ltr'><strong>errore,</strong></span> <span class='ocrx_word' id='word_1_45' title='bbox 929 1318 1006 1363; x_wconf 89' lang='lat' dir='ltr'><strong>mox</strong></span> <span class='ocrx_word' id='word_1_46' title='bbox 1027 1299 1214 1383; x_wconf 77' lang='lat' dir='ltr'><strong>apparebit.</strong></span> 
     </span>
    </p>
   </div>
   <div class='ocr_carea' id='block_1_3' title="bbox 333 1453 1482 1898">
    <p class='ocr_par' dir='ltr' id='par_1_3' title="bbox 333 1453 1482 1898">
     <span class='ocr_line' id='line_1_8' title="bbox 333 1453 1481 1544; baseline -0.001 -20"><span class='ocrx_word' id='word_1_47' title='bbox 333 1522 336 1531; x_wconf 88' lang='grc'>,</span> <span class='ocrx_word' id='word_1_48' title='bbox 477 1456 657 1543; x_wconf 77' lang='lat' dir='ltr'><strong>Nepamur</strong></span> <span class='ocrx_word' id='word_1_49' title='bbox 679 1461 714 1522; x_wconf 88' lang='lat' dir='ltr'><strong>te</strong></span> <span class='ocrx_word' id='word_1_50' title='bbox 736 1456 827 1522; x_wconf 78' lang='lat' dir='ltr'><strong>bona</strong></span> <span class='ocrx_word' id='word_1_51' title='bbox 852 1454 892 1521; x_wconf 86' lang='lat' dir='ltr'><strong>P.</strong></span> <span class='ocrx_word' id='word_1_52' title='bbox 916 1456 1089 1543; x_wconf 74' lang='lat' dir='ltr'><strong>Qotrwttt,</strong></span> <span class='ocrx_word' id='word_1_53' title='bbox 1126 1454 1214 1524; x_wconf 76' lang='lat' dir='ltr'><strong>Sem.</strong></span> <span class='ocrx_word' id='word_1_54' title='bbox 1235 1453 1374 1542; x_wconf 83' lang='lat' dir='ltr'><strong>Naeui,</strong></span> <span class='ocrx_word' id='word_1_55' title='bbox 1396 1477 1481 1544; x_wconf 74' lang='lat' dir='ltr'><strong>pos-</strong></span> 
     </span>
     <span class='ocr_line' id='line_1_9' title="bbox 414 1571 1017 1654; baseline -0.003 -10"><span class='ocrx_word' id='word_1_56' title='bbox 414 1579 545 1645; x_wconf 77' lang='lat' dir='ltr'><strong>sedisse</strong></span> <span class='ocrx_word' id='word_1_57' title='bbox 567 1597 613 1643; x_wconf 76' lang='lat' dir='ltr'><strong>es</strong></span> <span class='ocrx_word' id='word_1_58' title='bbox 636 1576 766 1643; x_wconf 78' lang='lat' dir='ltr'><strong>Edicto</strong></span> <span class='ocrx_word' id='word_1_59' title='bbox 789 1575 974 1644; x_wconf 72' lang='lat' dir='ltr'><strong>Praetoris</strong></span> <span class='ocrx_word' id='word_1_60' title='bbox 985 1571 1017 1654; x_wconf 83' lang='lat'><strong>¹).</strong></span> 
     </span>
     <span class='ocr_line' id='line_1_10' title="bbox 476 1699 1482 1786; baseline -0.001 -21"><span class='ocrx_word' id='word_1_61' title='bbox 476 1703 517 1766; x_wconf 92' lang='lat' dir='ltr'><strong>In</strong></span> <span class='ocrx_word' id='word_1_62' title='bbox 547 1719 588 1765; x_wconf 87' lang='lat' dir='ltr'><strong>eo</strong></span> <span class='ocrx_word' id='word_1_63' title='bbox 617 1701 756 1784; x_wconf 91' lang='lat' dir='ltr'><strong>sponsio</strong></span> <span class='ocrx_word' id='word_1_64' title='bbox 786 1699 880 1765; x_wconf 76' lang='lat' dir='ltr'><strong>iacto</strong></span> <span class='ocrx_word' id='word_1_65' title='bbox 909 1704 961 1764; x_wconf 84' lang='lat' dir='ltr'><strong>est</strong></span> <span class='ocrx_word' id='word_1_66' title='bbox 990 1699 1211 1786; x_wconf 87' lang='lat' dir='ltr'><strong>iudiciumque</strong></span> <span class='ocrx_word' id='word_1_67' title='bbox 1244 1701 1482 1786; x_wconf 86' lang='lat' dir='ltr'><strong>constitutum,</strong></span> 
     </span>
     <span class='ocr_line' id='line_1_11' title="bbox 414 1815 1014 1898; baseline -0.003 -11"><span class='ocrx_word' id='word_1_68' title='bbox 414 1840 454 1887; x_wconf 79' lang='lat' dir='ltr'><strong>ea</strong></span> <span class='ocrx_word' id='word_1_69' title='bbox 476 1823 581 1886; x_wconf 86' lang='lat' dir='ltr'><strong>totius</strong></span> <span class='ocrx_word' id='word_1_70' title='bbox 603 1821 810 1887; x_wconf 83' lang='lat' dir='ltr'><strong>defensionis</strong></span> <span class='ocrx_word' id='word_1_71' title='bbox 831 1815 1014 1898; x_wconf 77' lang='lat' dir='ltr'><strong>intenti02).</strong></span> 
     </span>
    </p>
   </div>
   <div class='ocr_carea' id='block_1_4' title="bbox 414 1981 1482 2168">
    <p class='ocr_par' dir='ltr' id='par_1_4' title="bbox 414 1981 1482 2168">
     <span class='ocr_line' id='line_1_12' title="bbox 477 1981 1482 2066; baseline 0.001 -21"><span class='ocrx_word' id='word_1_72' title='bbox 477 1981 585 2045; x_wconf 89' lang='lat' dir='ltr'><strong>Huius</strong></span> <span class='ocrx_word' id='word_1_73' title='bbox 614 1982 791 2065; x_wconf 80' lang='lat' dir='ltr'><strong>positionis</strong></span> <span class='ocrx_word' id='word_1_74' title='bbox 819 1982 1021 2066; x_wconf 79' lang='lat' dir='ltr'><strong>tripertitam</strong></span> <span class='ocrx_word' id='word_1_75' title='bbox 1052 1985 1167 2045; x_wconf 83' lang='lat' dir='ltr'><strong>orator</strong></span> <span class='ocrx_word' id='word_1_76' title='bbox 1196 1982 1375 2065; x_wconf 81' lang='lat' dir='ltr'><strong>pollicetur</strong></span> <span class='ocrx_word' id='word_1_77' title='bbox 1395 1999 1482 2048; x_wconf 84' lang='lat' dir='ltr'><strong>eon-</strong></span> 
     </span>
     <span class='ocr_line' id='line_1_13' title="bbox 414 2102 642 2168; baseline 0 -2"><span class='ocrx_word' id='word_1_78' title='bbox 414 2102 642 2168; x_wconf 79' lang='lat' dir='ltr'><strong>firmationem.</strong></span> 
     </span>
    </p>
   </div>
   <div class='ocr_carea' id='block_1_5' title="bbox 415 2256 1484 2835">
    <p class='ocr_par' dir='ltr' id='par_1_5' title="bbox 415 2256 1484 2570">
     <span class='ocr_line' id='line_1_14' title="bbox 482 2256 1483 2349; baseline -0.001 -23"><span class='ocrx_word' id='word_1_79' title='bbox 482 2256 688 2349; x_wconf 75' lang='lat' dir='ltr'><strong>Ostendam,</strong></span> <span class='ocrx_word' id='word_1_80' title='bbox 722 2262 845 2345; x_wconf 82' lang='lat' dir='ltr'><strong>inquit,</strong></span> <span class='ocrx_word' id='word_1_81' title='bbox 876 2265 1046 2348; x_wconf 80' lang='lat' dir='ltr'><strong>primum,</strong></span> <span class='ocrx_word' id='word_1_82' title='bbox 1076 2280 1239 2327; x_wconf 71' lang='lat' dir='ltr'><strong>canossam</strong></span> <span class='ocrx_word' id='word_1_83' title='bbox 1259 2280 1330 2327; x_wconf 80' lang='lat' dir='ltr'><strong>non</strong></span> <span class='ocrx_word' id='word_1_84' title='bbox 1349 2259 1483 2346; x_wconf 74' lang='lat' dir='ltr'><strong>titisse,</strong></span> 
     </span>
     <span class='ocr_line' id='line_1_15' title="bbox 416 2379 1484 2471; baseline 0.001 -24"><span class='ocrx_word' id='word_1_85' title='bbox 416 2401 479 2447; x_wconf 77' lang='lat' dir='ltr'><strong>our</strong></span> <span class='ocrx_word' id='word_1_86' title='bbox 499 2403 523 2448; x_wconf 86' lang='lat' dir='ltr'><strong>o</strong></span> <span class='ocrx_word' id='word_1_87' title='bbox 545 2379 717 2448; x_wconf 79' lang='lat' dir='ltr'><strong>Proetore</strong></span> <span class='ocrx_word' id='word_1_88' title='bbox 738 2381 954 2471; x_wconf 77' lang='lat' dir='ltr'><strong>postulares,</strong></span> <span class='ocrx_word' id='word_1_89' title='bbox 981 2387 1023 2448; x_wconf 84' lang='lat' dir='ltr'><strong>ut</strong></span> <span class='ocrx_word' id='word_1_90' title='bbox 1044 2383 1134 2448; x_wconf 73' lang='lat' dir='ltr'><strong>botta</strong></span> <span class='ocrx_word' id='word_1_91' title='bbox 1157 2379 1199 2448; x_wconf 84' lang='grc' dir='ltr'><strong>Ρ.</strong></span> <span class='ocrx_word' id='word_1_92' title='bbox 1220 2382 1377 2465; x_wconf 75' lang='lat' dir='ltr'><strong>Quttrettt</strong></span> <span class='ocrx_word' id='word_1_93' title='bbox 1397 2402 1484 2469; x_wconf 76' lang='lat' dir='ltr'><strong>pos-</strong></span> 
     </span>
     <span class='ocr_line' id='line_1_16' title="bbox 415 2504 636 2570; baseline -0.018 0"><span class='ocrx_word' id='word_1_94' title='bbox 415 2504 571 2570; x_wconf 77' lang='lat' dir='ltr'><strong>sideres:</strong></span> <span class='ocrx_word' id='word_1_95' title='bbox 593 2535 636 2548; x_wconf 91' lang='lat'><em>-</em></span> 
     </span>
    </p>

    <p class='ocr_par' dir='ltr' id='par_1_6' title="bbox 479 2624 1441 2714">
     <span class='ocr_line' id='line_1_17' title="bbox 479 2624 1441 2714; baseline 0.001 -24"><span class='ocrx_word' id='word_1_96' title='bbox 479 2626 611 2701; x_wconf 64' lang='lat' dir='ltr'><strong>deinde,</strong></span> <span class='ocrx_word' id='word_1_97' title='bbox 626 2644 673 2690; x_wconf 77' lang='lat' dir='ltr'><strong>es</strong></span> <span class='ocrx_word' id='word_1_98' title='bbox 695 2624 826 2695; x_wconf 78' lang='lat' dir='ltr'><strong>Edicto</strong></span> <span class='ocrx_word' id='word_1_99' title='bbox 849 2631 884 2692; x_wconf 86' lang='lat' dir='ltr'><strong>te</strong></span> <span class='ocrx_word' id='word_1_100' title='bbox 905 2625 1084 2714; x_wconf 75' lang='lat' dir='ltr'><strong>possidere</strong></span> <span class='ocrx_word' id='word_1_101' title='bbox 1107 2644 1176 2692; x_wconf 81' lang='lat' dir='ltr'><strong>non</strong></span> <span class='ocrx_word' id='word_1_102' title='bbox 1197 2631 1376 2713; x_wconf 78' lang='lat' dir='ltr'><strong>potutsse:</strong></span> <span class='ocrx_word' id='word_1_103' title='bbox 1399 2652 1441 2666; x_wconf 89' lang='lat'><em>-</em></span> 
     </span>
    </p>

    <p class='ocr_par' dir='ltr' id='par_1_7' title="bbox 477 2742 1002 2835">
     <span class='ocr_line' id='line_1_18' title="bbox 477 2742 1002 2835; baseline -0.004 -22"><span class='ocrx_word' id='word_1_104' title='bbox 477 2751 651 2834; x_wconf 79' lang='lat' dir='ltr'><strong>postremo</strong></span> <span class='ocrx_word' id='word_1_105' title='bbox 674 2765 745 2812; x_wconf 80' lang='lat' dir='ltr'><strong>mom</strong></span> <span class='ocrx_word' id='word_1_106' title='bbox 765 2749 961 2835; x_wconf 74' lang='lat' dir='ltr'><strong>possedisse</strong></span> <span class='ocrx_word' id='word_1_107' title='bbox 969 2742 1002 2826; x_wconf 76' lang='lat'><strong>³).</strong></span> 
     </span>
    </p>
   </div>
   <div class='ocr_carea' id='block_1_6' title="bbox 417 2903 1487 3602">
    <p class='ocr_par' dir='ltr' id='par_1_8' title="bbox 417 2903 1487 3215">
     <span class='ocr_line' id='line_1_19' title="bbox 480 2903 1487 2997; baseline 0.002 -28"><span class='ocrx_word' id='word_1_108' title='bbox 480 2903 575 2987; x_wconf 78' lang='lat' dir='ltr'><strong>Quae</strong></span> <span class='ocrx_word' id='word_1_109' title='bbox 596 2907 624 2971; x_wconf 86' lang='lat' dir='ltr'><strong>si</strong></span> <span class='ocrx_word' id='word_1_110' title='bbox 647 2908 741 2972; x_wconf 79' lang='lat' dir='ltr'><strong>reete</strong></span> <span class='ocrx_word' id='word_1_111' title='bbox 763 2907 932 2997; x_wconf 78' lang='lat' dir='ltr'><strong>intelligo,</strong></span> <span class='ocrx_word' id='word_1_112' title='bbox 966 2907 1079 2991; x_wconf 81' lang='lat' dir='ltr'><strong>priore</strong></span> <span class='ocrx_word' id='word_1_113' title='bbox 1106 2904 1172 2970; x_wconf 89' lang='lat' dir='ltr'><strong>duo</strong></span> <span class='ocrx_word' id='word_1_114' title='bbox 1201 2909 1256 2971; x_wconf 80' lang='lat' dir='ltr'><strong>tos</strong></span> <span class='ocrx_word' id='word_1_115' title='bbox 1282 2905 1487 2992; x_wconf 77' lang='lat' dir='ltr'><strong>possidendi</strong></span> 
     </span>
     <span class='ocr_line' id='line_1_20' title="bbox 417 3023 1485 3117; baseline -0.003 -23"><span class='ocrx_word' id='word_1_116' title='bbox 417 3031 590 3113; x_wconf 79' lang='lat' dir='ltr'><strong>spectent,</strong></span> <span class='ocrx_word' id='word_1_117' title='bbox 627 3029 759 3103; x_wconf 88' lang='lat' dir='ltr'><strong>tertium</strong></span> <span class='ocrx_word' id='word_1_118' title='bbox 781 3033 896 3114; x_wconf 78' lang='lat' dir='ltr'><strong>ipsam</strong></span> <span class='ocrx_word' id='word_1_119' title='bbox 916 3033 1170 3115; x_wconf 76' lang='lat' dir='ltr'><strong>possessionem</strong></span> <span class='ocrx_word' id='word_1_120' title='bbox 1193 3032 1364 3117; x_wconf 76' lang='lat' dir='ltr'><strong>qnatenus</strong></span> <span class='ocrx_word' id='word_1_121' title='bbox 1383 3023 1485 3111; x_wconf 81' lang='lat' dir='ltr'><strong>facto</strong></span> 
     </span>
     <span class='ocr_line' id='line_1_21' title="bbox 419 3153 567 3215; baseline -0.014 -1"><span class='ocrx_word' id='word_1_122' title='bbox 419 3153 567 3215; x_wconf 81' lang='lat' dir='ltr'><strong>constat.</strong></span> 
     </span>
    </p>

    <p class='ocr_par' dir='ltr' id='par_1_9' title="bbox 419 3270 1486 3602">
     <span class='ocr_line' id='line_1_22' title="bbox 483 3270 1486 3357; baseline -0.003 -21"><span class='ocrx_word' id='word_1_123' title='bbox 483 3272 547 3336; x_wconf 84' lang='lat' dir='ltr'><strong>lito</strong></span> <span class='ocrx_word' id='word_1_124' title='bbox 567 3290 665 3357; x_wconf 88' lang='lat' dir='ltr'><strong>uero,</strong></span> <span class='ocrx_word' id='word_1_125' title='bbox 698 3270 873 3336; x_wconf 85' lang='lat' dir='ltr'><strong>dommodo</strong></span> <span class='ocrx_word' id='word_1_126' title='bbox 895 3276 989 3337; x_wconf 85' lang='lat' dir='ltr'><strong>recte</strong></span> <span class='ocrx_word' id='word_1_127' title='bbox 1011 3289 1048 3338; x_wconf 86' lang='lat' dir='ltr'><strong>se</strong></span> <span class='ocrx_word' id='word_1_128' title='bbox 1070 3270 1241 3352; x_wconf 69' lang='lat' dir='ltr'><strong>habeant,</strong></span> <span class='ocrx_word' id='word_1_129' title='bbox 1275 3287 1360 3355; x_wconf 85' lang='lat' dir='ltr'><strong>quoe</strong></span> <span class='ocrx_word' id='word_1_130' title='bbox 1381 3288 1486 3354; x_wconf 80' lang='lat' dir='ltr'><strong>sopra</strong></span> 
     </span>
     <span class='ocr_line' id='line_1_23' title="bbox 421 3389 1485 3476; baseline -0.002 -20"><span class='ocrx_word' id='word_1_131' title='bbox 421 3389 685 3475; x_wconf 50' lang='lat' dir='ltr'><strong>disseruimus),</strong></span> <span class='ocrx_word' id='word_1_132' title='bbox 718 3393 767 3460; x_wconf 86' lang='lat' dir='ltr'><strong>sio</strong></span> <span class='ocrx_word' id='word_1_133' title='bbox 803 3391 1026 3460; x_wconf 81' lang='lat' dir='ltr'><strong>discernendo</strong></span> <span class='ocrx_word' id='word_1_134' title='bbox 1061 3395 1155 3474; x_wconf 88' lang='lat' dir='ltr'><strong>sunt,</strong></span> <span class='ocrx_word' id='word_1_135' title='bbox 1194 3394 1230 3457; x_wconf 89' lang='lat' dir='ltr'><strong>ut</strong></span> <span class='ocrx_word' id='word_1_136' title='bbox 1266 3392 1371 3476; x_wconf 88' lang='lat' dir='ltr'><strong>primo</strong></span> <span class='ocrx_word' id='word_1_137' title='bbox 1405 3392 1485 3457; x_wconf 78' lang='lat' dir='ltr'><strong>loeo</strong></span> 
     </span>
     <span class='ocr_line' id='line_1_24' title="bbox 419 3512 1486 3602; baseline -0.003 -23"><span class='ocrx_word' id='word_1_138' title='bbox 419 3515 514 3601; x_wconf 81' lang='lat' dir='ltr'><strong>quasi</strong></span> <span class='ocrx_word' id='word_1_139' title='bbox 547 3533 594 3580; x_wconf 76' lang='lat' dir='ltr'><strong>em</strong></span> <span class='ocrx_word' id='word_1_140' title='bbox 622 3512 755 3581; x_wconf 81' lang='lat' dir='ltr'><strong>Naeuii</strong></span> <span class='ocrx_word' id='word_1_141' title='bbox 785 3533 953 3602; x_wconf 74' lang='lat' dir='ltr'><strong>persona,</strong></span> <span class='ocrx_word' id='word_1_142' title='bbox 988 3514 1096 3580; x_wconf 79' lang='lat' dir='ltr'><strong>altero</strong></span> <span class='ocrx_word' id='word_1_143' title='bbox 1126 3518 1237 3580; x_wconf 78' lang='lat' dir='ltr'><strong>sutem</strong></span> <span class='ocrx_word' id='word_1_144' title='bbox 1265 3532 1312 3578; x_wconf 77' lang='lat' dir='ltr'><strong>es</strong></span> <span class='ocrx_word' id='word_1_145' title='bbox 1332 3530 1486 3599; x_wconf 76' lang='lat' dir='ltr'><strong>perrona</strong></span> 
     </span>
    </p>
   </div>
   <div class='ocr_carea' id='block_1_7' title="bbox 418 3816 1488 4418">
    <p class='ocr_par' dir='ltr' id='par_1_10' title="bbox 418 3816 1488 4418">
     <span class='ocr_line' id='line_1_25' title="bbox 453 3816 1487 3884; baseline -0.005 -13"><span class='ocrx_word' id='word_1_146' title='bbox 453 3818 480 3884; x_wconf 90' lang='lat'><strong>1)</strong></span> <span class='ocrx_word' id='word_1_147' title='bbox 507 3821 575 3871; x_wconf 88' lang='lat' dir='ltr'><strong>Sunt</strong></span> <span class='ocrx_word' id='word_1_148' title='bbox 605 3822 689 3872; x_wconf 81' lang='lat' dir='ltr'><strong>uerba</strong></span> <span class='ocrx_word' id='word_1_149' title='bbox 716 3819 855 3872; x_wconf 74' lang='lat' dir='ltr'><strong>Ciceronis</strong></span> <span class='ocrx_word' id='word_1_150' title='bbox 893 3821 921 3871; x_wconf 89' lang='lat' dir='ltr'><strong>to</strong></span> <span class='ocrx_word' id='word_1_151' title='bbox 978 3820 1391 3880; x_wconf 78' lang='lat' dir='ltr'><strong>nont,sedndiurisdiotionem</strong></span> <span class='ocrx_word' id='word_1_152' title='bbox 1403 3816 1487 3867; x_wconf 77' lang='lat' dir='ltr'><strong>Proo-</strong></span> 
     </span>
     <span class='ocr_line' id='line_1_26' title="bbox 418 3904 1484 3971; baseline -0.003 -12"><span class='ocrx_word' id='word_1_153' title='bbox 418 3925 442 3960; x_wconf 77' lang='grc' dir='ltr'><strong>ο.</strong></span> <span class='ocrx_word' id='word_1_154' title='bbox 463 3911 507 3959; x_wconf 83' lang='grc'><strong>10.</strong></span> <span class='ocrx_word' id='word_1_155' title='bbox 978 3911 1054 3961; x_wconf 83' lang='lat' dir='ltr'><strong>toris.</strong></span> <span class='ocrx_word' id='word_1_156' title='bbox 1073 3910 1114 3959; x_wconf 81' lang='lat' dir='ltr'><strong>lie</strong></span> <span class='ocrx_word' id='word_1_157' title='bbox 1123 3923 1156 3959; x_wconf 79' lang='lat' dir='ltr'><strong>eo</strong></span> <span class='ocrx_word' id='word_1_158' title='bbox 1167 3923 1233 3959; x_wconf 87' lang='lat' dir='ltr'><strong>uero</strong></span> <span class='ocrx_word' id='word_1_159' title='bbox 1244 3904 1443 3971; x_wconf 64' lang='lat' dir='ltr'><strong>suprninsspho</strong></span> <span class='ocrx_word' id='word_1_160' title='bbox 1457 3907 1484 3955; x_wconf 87' lang='lat'><strong>1.</strong></span> 
     </span>
     <span class='ocr_line' id='line_1_27' title="bbox 453 3994 1488 4061; baseline -0.004 -14"><span class='ocrx_word' id='word_1_161' title='bbox 453 3995 481 4061; x_wconf 74' lang='lat'><strong>2)</strong></span> <span class='ocrx_word' id='word_1_162' title='bbox 501 3997 578 4060; x_wconf 79' lang='lat' dir='ltr'><strong>Quae</strong></span> <span class='ocrx_word' id='word_1_163' title='bbox 604 4004 683 4048; x_wconf 78' lang='lat' dir='ltr'><strong>anton</strong></span> <span class='ocrx_word' id='word_1_164' title='bbox 708 3998 804 4050; x_wconf 82' lang='lat' dir='ltr'><strong>Cicero</strong></span> <span class='ocrx_word' id='word_1_165' title='bbox 828 3999 862 4049; x_wconf 81' lang='lat' dir='ltr'><strong>oo</strong></span> <span class='ocrx_word' id='word_1_166' title='bbox 883 3999 922 4048; x_wconf 91' lang='lat' dir='ltr'><strong>iu·</strong></span> <span class='ocrx_word' id='word_1_167' title='bbox 979 4001 1018 4049; x_wconf 82' lang='lat' dir='ltr'><strong>sio</strong></span> <span class='ocrx_word' id='word_1_168' title='bbox 1027 3999 1221 4056; x_wconf 66' lang='lat' dir='ltr'><strong>instituimus,</strong></span> <span class='ocrx_word' id='word_1_169' title='bbox 1236 4003 1265 4048; x_wconf 90' lang='lat' dir='ltr'><strong>ut</strong></span> <span class='ocrx_word' id='word_1_170' title='bbox 1279 3999 1330 4048; x_wconf 84' lang='lat' dir='ltr'><strong>hoc</strong></span> <span class='ocrx_word' id='word_1_171' title='bbox 1344 3997 1404 4047; x_wconf 85' lang='lat' dir='ltr'><strong>loeo</strong></span> <span class='ocrx_word' id='word_1_172' title='bbox 1414 3994 1488 4045; x_wconf 83' lang='lat' dir='ltr'><strong>nihil</strong></span> 
     </span>
     <span class='ocr_line' id='line_1_28' title="bbox 418 4086 1246 4150; baseline -0.005 -14"><span class='ocrx_word' id='word_1_173' title='bbox 418 4086 490 4137; x_wconf 86' lang='lat' dir='ltr'><strong>dicio</strong></span> <span class='ocrx_word' id='word_1_174' title='bbox 519 4086 671 4137; x_wconf 80' lang='lat' dir='ltr'><strong>ordinando</strong></span> <span class='ocrx_word' id='word_1_175' title='bbox 702 4100 735 4137; x_wconf 80' lang='lat' dir='ltr'><strong>oo</strong></span> <span class='ocrx_word' id='word_1_176' title='bbox 768 4088 921 4146; x_wconf 76' lang='lat' dir='ltr'><strong>Praetoris,</strong></span> <span class='ocrx_word' id='word_1_177' title='bbox 979 4088 1092 4138; x_wconf 77' lang='lat' dir='ltr'><strong>attineat</strong></span> <span class='ocrx_word' id='word_1_178' title='bbox 1110 4093 1246 4150; x_wconf 84' lang='lat' dir='ltr'><strong>repetere.</strong></span> 
     </span>
     <span class='ocr_line' id='line_1_29' title="bbox 418 4174 1200 4239; baseline 0 -14"><span class='ocrx_word' id='word_1_179' title='bbox 418 4174 583 4239; x_wconf 79' lang='lat' dir='ltr'><strong>quamdioit,</strong></span> <span class='ocrx_word' id='word_1_180' title='bbox 601 4176 922 4238; x_wconf 80' lang='lat' dir='ltr'><strong>iniquitatedispotst‚eo</strong></span> <span class='ocrx_word' id='word_1_181' title='bbox 1016 4178 1043 4235; x_wconf 85' lang='grc'><strong>3)</strong></span> <span class='ocrx_word' id='word_1_182' title='bbox 1064 4177 1089 4225; x_wconf 83' lang='lat' dir='ltr'><strong>d.</strong></span> <span class='ocrx_word' id='word_1_183' title='bbox 1111 4190 1135 4225; x_wconf 85' lang='lat' dir='ltr'><strong>c.</strong></span> <span class='ocrx_word' id='word_1_184' title='bbox 1156 4177 1200 4225; x_wconf 86' lang='lat'><strong>10.</strong></span> 
     </span>
     <span class='ocr_line' id='line_1_30' title="bbox 419 4261 1344 4327; baseline -0.002 -13"><span class='ocrx_word' id='word_1_185' title='bbox 419 4280 473 4315; x_wconf 91' lang='lat' dir='ltr'><strong>non</strong></span> <span class='ocrx_word' id='word_1_186' title='bbox 487 4264 520 4314; x_wconf 86' lang='lat' dir='ltr'><strong>ad</strong></span> <span class='ocrx_word' id='word_1_187' title='bbox 534 4265 682 4324; x_wconf 83' lang='lat' dir='ltr'><strong>iudicium,</strong></span> <span class='ocrx_word' id='word_1_188' title='bbox 702 4265 736 4313; x_wconf 80' lang='lat' dir='ltr'><strong>do</strong></span> <span class='ocrx_word' id='word_1_189' title='bbox 752 4278 805 4327; x_wconf 85' lang='lat' dir='ltr'><strong>quo</strong></span> <span class='ocrx_word' id='word_1_190' title='bbox 823 4265 922 4326; x_wconf 83' lang='lat' dir='ltr'><strong>agitor,</strong></span> <span class='ocrx_word' id='word_1_191' title='bbox 1015 4262 1043 4327; x_wconf 76' lang='lat' dir='ltr'><strong>t)</strong></span> <span class='ocrx_word' id='word_1_192' title='bbox 1062 4261 1089 4326; x_wconf 65' lang='grc' dir='ltr'><strong>δ.</strong></span> <span class='ocrx_word' id='word_1_193' title='bbox 1111 4265 1137 4313; x_wconf 80' lang='lat'><strong>2.</strong></span> <span class='ocrx_word' id='word_1_194' title='bbox 1158 4278 1184 4327; x_wconf 83' lang='lat' dir='ltr'><strong>p.</strong></span> <span class='ocrx_word' id='word_1_195' title='bbox 1204 4264 1247 4313; x_wconf 86' lang='lat'><strong>57.</strong></span> <span class='ocrx_word' id='word_1_196' title='bbox 1268 4275 1344 4326; x_wconf 84' lang='lat' dir='ltr'><strong>seqq·</strong></span> 
     </span>
     <span class='ocr_line' id='line_1_31' title="bbox 418 4352 924 4418; baseline 0.002 -16"><span class='ocrx_word' id='word_1_197' title='bbox 418 4367 508 4418; x_wconf 85' lang='lat' dir='ltr'><strong>neque</strong></span> <span class='ocrx_word' id='word_1_198' title='bbox 527 4354 562 4404; x_wconf 74' lang='lat' dir='ltr'><strong>nd</strong></span> <span class='ocrx_word' id='word_1_199' title='bbox 584 4354 682 4403; x_wconf 84' lang='lat' dir='ltr'><strong>iudicis</strong></span> <span class='ocrx_word' id='word_1_200' title='bbox 700 4352 821 4404; x_wconf 76' lang='lat' dir='ltr'><strong>osticium</strong></span> <span class='ocrx_word' id='word_1_201' title='bbox 844 4354 924 4416; x_wconf 84' lang='lat' dir='ltr'><strong>perti·</strong></span> 
     </span>
    </p>
   </div>
   <div class='ocr_carea' id='block_1_8' title="bbox 0 0 1684 5276">
    <p class='ocr_par' dir='ltr' id='par_1_11' title="bbox 0 0 1684 5276">
     <span class='ocr_line' id='line_1_32' title="bbox 0 0 1684 5276; baseline 0 0"><span class='ocrx_word' id='word_1_202' title='bbox 0 0 1684 5276; x_wconf 95' lang='lat' dir='ltr'><strong> </strong></span> 
     </span>
    </p>
   </div>
  </div>
 </body>
</html>
