3420 5280
413 503 455 566 10
522 498 617 604 Gap.
635 503 671 578 I.
724 501 785 578 Da
811 504 896 577 iare
922 525 1082 580 anessae
1110 503 1373 593 Quinctianae.

244 673 393 786 ..ιῖῗέζᾷ
414 695 468 781 qui
502 691 772 780 contenderent,
808 710 996 780 prouocare
1029 700 1277 782 consuessent,
1312 693 1477 780 particula

413 816 476 883 trac
497 815 543 882 Νι
565 818 751 901 conceptae
773 810 976 891 fuissent⁵⁴).

475 914 571 1020 Quae
592 936 768 1017 Btteeorett
789 937 911 1021 lectio,
933 938 1064 1004 tametsi
1085 940 1227 1024 propter
1245 954 1367 1002 sensus
1383 938 1476 1002 aert-

411 1061 514 1125 tatem
543 1058 709 1144 prioribus
737 1058 803 1124 iilis
830 1058 932 1148 longe
962 1061 1132 1144 praestat,
1163 1059 1285 1125 acerbe
1312 1062 1424 1129 tamen
1455 1076 1477 1124 a

414 1176 630 1263 (incatenate,
652 1182 736 1246 satis
758 1176 890 1265 placido
912 1180 997 1249 atius
1019 1182 1054 1245 et
1074 1179 1218 1246 humano
1240 1182 1395 1259 auctore,
1415 1198 1475 1246 re-

410 1301 640 1387 prehenditur.
704 1300 954 1391 «Brtosoutas,
990 1302 1116 1386 inquit,
1152 1299 1327 1388 fomaeelee
1361 1300 1476 1368 torum

476 1427 628 1510 «aptare
654 1423 816 1512 emeres,
846 1441 916 1489 reare
943 1428 1055 1489 serent
1081 1422 1126 1488 eb
1154 1441 1192 1490 oe
1211 1427 1368 1510 paranti
1389 1441 1473 1490 sete-

475 1548 660 1611 «teatturn.
707 1541 875 1632 Turpiter
903 1548 1023 1610 uatem
1051 1548 1191 1612 secatae
1218 1562 1297 1610 eam
1318 1547 1373 1610 eet
1396 1539 1473 1610 aa.

474 1668 621 1756 «actae,
659 1684 759 1756 pacm
798 1664 843 1730 ab
875 1662 1076 1731 Hotomarta
1107 1669 1143 1731 et
1182 1663 1308 1733 Ursteto
1339 1665 1472 1732 discere

473 1785 700 1874 «oportebat,
724 1774 926 1870 Quteecttrtm
945 1788 997 1852 etc
1016 1783 1138 1872 fecere
1158 1791 1378 1873 metuentem
1403 1805 1472 1853 stou

244 789 345 836 auterno.

473 1937 487 1968 e
497 1912 683 1996 patariae·

470 2067 647 2134 Caeterum
676 2085 774 2154 quum
806 2061 964 2133 Ottuetas
992 2064 1079 2133 hanc
1106 2064 1272 2151 Brissonii
1294 2067 1471 2134 lectionem

405 2207 428 2256 a
447 2207 486 2255 se
506 2191 677 2275 receptam
700 2187 918 2254 adnotatione
938 2206 1000 2253 sua
1020 2189 1070 2254 sic
1092 2185 1318 2274 defendisset,
1339 2189 1376 2252 ut
1397 2207 1471 2255 curn

407 2313 631 2376 tenemento
651 2312 886 2395 operimentum,
907 2326 980 2374 cum
1001 2309 1145 2392 paeetelt
1166 2311 1349 2395 sponsione
1361 2328 1471 2397 prae-

405 2430 627 2513 tadtctetem,
664 2447 738 2496 cunr
773 2408 924 2495 amnibus
954 2433 1063 2496 amnia
1090 2432 1326 2518 permisceret,
1362 2449 1471 2516 nuper

403 2546 642 2626 Hedteras⁶⁵i
662 2570 771 2617 nouus
813 2553 926 2618 extitit

401 2848 563 2911 sponsiones
585 2860 667 2911 qaam
689 2847 723 2897 sd
741 2848 845 2900 similes
864 2862 907 2899 res

401 2934 564 2999 pertinentia
588 2936 674 2986 haec:
702 2937 761 2985 Ltu-
780 2936 842 2985 111.
861 2937 906 2986 21.

401 3026 445 3075 57.
473 3024 517 3075 56.
555 3025 732 3074 Pisantinoi.
753 3024 905 3085 111‚t‚7.

400 3126 469 3176 seqq.
498 3113 537 3170 V,
557 3112 591 3168 3,
620 3111 665 3161 21.
690 3125 759 3176 sopp.
796 3113 905 3163 Poeaat.

402 3201 442 3262 V,
464 3200 500 3261 t,
525 3201 568 3250 72.
604 3200 692 3252 Gesto-
719 3201 748 3249 in
768 3201 842 3250 Prot.
860 3201 905 3252 75.

400 3289 479 3352 Epid.
497 3289 533 3349 V,
552 3289 592 3350 2,
606 3288 650 3338 31.
669 3300 738 3352 seqq.
775 3289 847 3338 Pers.
862 3290 904 3349 11,

399 3375 474 3437 2,1.
495 3401 526 3413 -
555 3376 620 3431 Gett-
642 3377 673 3437 V,
692 3376 718 3426 1.
752 3376 904 3428 Vettiano.

399 3466 447 3527 tt,
467 3464 494 3526 3,
512 3465 539 3515 3.
559 3472 612 3516 eet.
642 3465 681 3524 (id
702 3478 768 3515 uero
786 3465 819 3514 ed
840 3479 905 3529 qun·

398 3554 563 3617 lemcunque
590 3554 723 3603 rationem
750 3550 902 3617 incertius).

398 3643 493 3705 Neque
511 3648 538 3692 te
557 3648 726 3706 praetereat,
757 3643 904 3706 aliquando

398 3730 608 3792 interrogatione
631 3730 785 3793 particulae
808 3732 842 3782 Ni
859 3746 903 3782 eo·

397 3820 459 3868 dem
487 3832 568 3868 sensu
595 3821 684 3868 uicem
715 3834 810 3881 gerere
834 3834 903 3870 eon-

396 3908 640 3971 terminassem,
655 3907 740 3958 ueluti
753 3909 811 3958 Vel.
825 3909 900 3960 Mae.

396 3995 463 4055 vlt,
484 3995 566 4056 2,1.
594 3991 678 4059 (coni.
707 3996 734 4045 d.
754 3995 774 4047 1.
794 3996 828 4045 de
847 3994 919 4046 (td.v

395 4084 445 4142 111,
466 4082 523 4144 19.)
542 4084 589 4145 Vi,
607 4085 634 4145 1,
654 4084 697 4134 10.

429 4171 572 4222 Caeterum
591 4173 679 4223 obiter
699 4176 804 4222 tantum
823 4176 899 4232 (nam

394 4263 427 4311 ad
442 4263 576 4312 summam
591 4261 666 4311 iliam
680 4262 814 4312 rationem
826 4261 899 4311 haud

395 4349 522 4416 pertinet)
546 4365 667 4414 quaero,
698 4365 763 4401 nurn
784 4351 852 4401 torte
870 4352 898 4401 in

971 2550 1147 2637 defensor,
1183 2554 1239 2639 qui
1274 2553 1470 2639 propositae

964 2850 991 2898 d.
1013 2849 1088 2903 Gettit
1102 2850 1164 2900 loco
1191 2846 1268 2913 (vll,
1296 2850 1358 2910 11.,
1380 2851 1469 2914 siqui·

964 2937 1027 2987 dem
1056 2938 1163 3001 tegetur
1182 2935 1227 3002 Ni)
1257 2940 1384 3001 spondere
1418 2952 1468 3003 pro

963 3025 1105 3088 stipulari,
1136 3026 1208 3090 npnd
1234 3027 1366 3077 Valeriam
1401 3040 1467 3077 uero

964 3116 990 3164 d.
1012 3114 1031 3163 t.
1051 3114 1104 3175 (11,
1123 3114 1155 3174 8,
1175 3114 1216 3177 2.)
1241 3115 1395 3178 restipulari
1418 3128 1467 3178 pro

963 3203 1087 3264 mendae
1117 3202 1176 3254 siue
1205 3205 1360 3267 promittere
1390 3216 1466 3254 usur·

964 3295 1051 3354 petor.
1408 3318 1411 3325 ·

997 3379 1043 3439 51)
1060 3381 1092 3430 de
1113 3380 1245 3430 Formatis
1270 3380 1329 3430 tto.
1352 3380 1384 3431 V.
1403 3394 1464 3444 cap.

961 3468 987 3518 7.
1007 3483 1033 3531 p.
1055 3468 1116 3520 352.
1220 3478 1225 3485 “

995 3557 1039 3617 55)
1053 3558 1114 3608 Gaii
1125 3558 1325 3609 institutionum
1334 3559 1466 3609 Commea-

961 3648 1046 3696 toriue
1076 3651 1204 3710 quartas,
1231 3648 1272 3696 ed.
1297 3647 1364 3712 dap.
1393 3647 1462 3698 Gaii.

961 3734 1077 3799 Homer,
1096 3730 1214 3784 Beroliai
1227 3734 1307 3784 1827.
1327 3735 1354 3785 1.
1374 3749 1398 3784 o.
1419 3735 1462 3784 17.

960 3834 987 3884 p.
1004 3821 1048 3871 88.
1063 3835 1120 3886 seq.
1140 3844 1170 3855 -
1190 3821 1240 3871 lita
1252 3804 1374 3882 tantum,
1394 3837 1463 3886 quse

959 3909 989 3959 de
1007 3913 1145 3972 sponsione
1160 3924 1212 3972 pro
1227 3912 1326 3973 praede
1340 3912 1395 3960 litis
1405 3913 1463 3960 aia·

957 3999 1104 4059 diciorum,
1140 4013 1192 4062 qun
1221 3999 1363 4062 Quinctius
1391 4000 1461 4048 boun

957 4100 1006 4136 sun
1035 4092 1157 4150 repetere
1187 4089 1335 4153 potuisset,
1368 4087 1399 4139 V.
1427 4087 1461 4137 1).

957 4176 1088 4238 prodidit,
1117 4177 1206 4227 minus
1225 4177 1375 4242 probabilia
1396 4176 1461 4226 mihi

957 4265 1096 4316 uidentur.
