3420 5280
455 526 492 602 s.
517 513 551 586 1.
605 511 747 586 Iudicii
774 513 880 610 oripo
903 520 939 584 et
962 519 1116 586 mutiero.
1276 511 1313 572 21

259 706 353 771 sione
375 705 533 769 bonorum
556 704 591 768 et
612 699 798 767 satisdandi
819 701 1020 784 necessitas,
1043 717 1109 785 qua
1130 698 1173 765 de
1194 700 1317 789 agitur,

257 813 294 893 et
315 824 461 907 Quinctii
478 820 565 891 fama
581 815 690 909 (quae
711 823 792 887 luris
813 823 926 905 potius
942 822 1073 887 ratione
1088 840 1184 907 quam
1197 822 1317 887 Naeuii

258 949 431 1013 uoluntate
454 948 488 1012 in
512 945 688 1011 discrimen
708 934 823 1020 uenit)
844 961 1010 1028 suspensa
1034 944 1089 1025 sit,
1109 942 1316 1008 nullomodo

257 1070 326 1135 lieri
348 1069 515 1154 potuisse,
538 1068 616 1152 quin
638 1065 680 1132 de
700 1065 844 1153 probro,
866 1063 956 1150 quod
973 1064 1091 1131 Cicero
1108 1053 1203 1153 dielt,
1217 1069 1317 1151 prtus

257 1210 360 1280 piram
385 1191 427 1255 de
456 1208 494 1254 re
517 1179 571 1270 (h.
586 1208 615 1254 e.
639 1186 681 1253 de
707 1186 882 1272 principali
903 1185 1020 1252 Naeuii
1041 1177 1199 1266 actione]
1225 1184 1316 1271 apud

256 1311 396 1377 iudicem
418 1310 680 1396 disceptaretur,
707 1310 771 1373 nisi
797 1327 858 1372 suo
881 1307 1018 1374 decreto
1039 1306 1184 1374 Praetor
1211 1308 1316 1372 satis-

256 1432 401 1498 dationis
415 1433 673 1517 postulationem
684 1432 874 1515 reiecisset,
890 1429 1115 1515 Naeuiumque
1127 1431 1200 1515 sine
1210 1431 1316 1495 satis-

256 1553 391 1619 datione
415 1555 508 1619 litem
535 1553 718 1619 contestari
739 1553 903 1621 iussisset.
946 1549 986 1616 ld
1001 1569 1081 1615 uero
1097 1551 1315 1635 Dolabellam,

256 1678 333 1762 quin
356 1674 571 1758 decerneret,
593 1674 710 1738 merito
731 1689 922 1751 recusasse,
943 1689 1045 1757 supra
1067 1669 1250 1738 doculmus.

317 1796 434 1880 Neque
458 1813 510 1860 me
540 1795 645 1884 fugit,
673 1795 771 1859 alium
799 1796 976 1878 practerea
1005 1793 1091 1857 uiam
1119 1810 1140 1857 a
1168 1789 1314 1872 Quinctii

255 1916 489 1984 defensoribus
521 1915 757 1998 demonstrari,
795 1933 861 2000 qua
896 1912 1128 1979 satisdationis
1162 1915 1313 1999 quaestio

254 2037 404 2123 expediri
424 2039 547 2124 possit,
568 2056 676 2123 neque
691 2039 801 2102 tamen
817 2033 963 2118 Quinctii
985 2035 1075 2101 fama
1088 2036 1123 2100 ln
1138 2034 1313 2102 discrimen

253 2161 409 2246 uocetur3
431 2161 608 2244 quinetiam
629 2158 692 2225 hoc
713 2159 788 2225 loco
803 2158 977 2224 Praetoris
994 2158 1210 2245 iniquitatem,
1225 2157 1312 2243 quod

253 2300 319 2346 non
341 2280 500 2363 audierit,
522 2276 729 2355 accusari²⁵).

306 2403 464 2468 Nimirum
477 2400 703 2468 condicionem
712 2400 839 2466 Naeuio
851 2403 1008 2485 tulerunt,
1016 2406 1056 2467 ut
1066 2407 1209 2491 uterque
1220 2405 1314 2467 tuter

251 2543 288 2588 re
304 2523 514 2604 amitteteret,
537 2520 603 2606 quo
623 2522 715 2586 iacto
734 2525 768 2586 et
783 2541 839 2586 res
851 2522 979 2587 Naeuio
996 2524 1069 2586 tuta
1084 2525 1175 2587 esset
1190 2522 1313 2601 futura,

253 2647 287 2707 et
300 2643 386 2707 lama
398 2639 554 2722 Quinctio
566 2641 672 2723 salua,
683 2643 805 2724 quippe
817 2645 883 2727 qui,
895 2661 993 2735 quum
1004 2643 1145 2708 inuicem
1155 2645 1239 2707 satis
1250 2660 1312 2708 ac-

253 2765 390 2846 ciperet,
405 2781 448 2827 ex
463 2764 563 2847 pacto
579 2764 613 2826 et
627 2762 811 2849 uoluntate,
822 2782 889 2826 non
903 2781 948 2828 ex
965 2762 1077 2829 Edictl
1093 2763 1234 2828 formula
1248 2782 1312 2828 ne-

253 2902 316 2968 que
326 2884 407 2948 iuris
419 2884 621 2949 necessitate
635 2885 774 2949 coactus
788 2886 887 2948 etlam
901 2883 1118 2950 satisdedisse
1133 2883 1311 2951 uideretur.

315 3003 548 3068 Verumtamen
575 3022 616 3069 ea
643 3003 812 3091 condicio,
843 3008 880 3069 ut
908 3007 1106 3091 aequissima
1135 3006 1235 3072 fuerit
1267 3007 1309 3071 ad

251 3123 502 3207 paciscendum,
530 3123 782 3210 haudquaquam
810 3127 888 3191 talls
906 3127 987 3212 fuit,
1014 3128 1143 3214 qualem
1167 3127 1311 3194 Praetor

250 3245 386 3343 decreto
398 3246 591 3312 confirmare
600 3250 701 3332 atquc
710 3246 837 3312 Naeuio
847 3250 1310 3335 inuiloimponerepotulsset.

313 3364 401 3448 Quid
423 3350 536 3432 euim?
557 3387 654 3453 quum
678 3367 797 3434 Edicto
817 3368 989 3436 Praetoris
1006 3374 1131 3437 certum
1146 3369 1308 3456 quoddam

249 3468 501 3553 satisdationum
518 3491 569 3552 ius
583 3492 674 3554 esset
691 3491 924 3577 constitutum,
945 3509 1168 3578 caussaeque,
1190 3493 1309 3578 quibus

248 3608 432 3674 satisdandi
455 3611 641 3675 necessitas
662 3611 879 3695 consisteret,
908 3613 974 3676 tam
996 3613 1183 3678 actionibus
1212 3632 1307 3697 quam

248 3732 402 3814 personis
424 3731 556 3796 curiose
572 3729 761 3816 descriptae
783 3749 824 3797 ac
846 3732 955 3797 linitae
962 3751 973 3818 3
999 3736 1072 3818 quis
1097 3733 1183 3799 teret
1199 3733 1307 3799 Prae-

248 3854 370 3936 torem,
393 3853 466 3938 qul,
493 3852 550 3917 ubl
572 3870 614 3917 cx
638 3851 797 3918 eiusmodi
817 3854 906 3918 iusta
927 3852 1067 3940 quadam
1088 3873 1208 3923 caussa
1237 3857 1307 3921 litt-

282 4164 327 4230 ⁴25)
346 4167 447 4217 Video.
457 4166 484 4217 8.
495 4169 748 4231 «demonstrabant,
807 4174 870 4219 «ter
880 4170 1035 4222 satisdaret:
1052 4185 1107 4222 non
1119 4185 1232 4224 necesse
1246 4187 1305 4223 esse

249 4253 305 4305 «de
323 4269 353 4304 ra
378 4255 508 4305 iudicium
526 4255 585 4308 lieri
607 4264 748 4321 oportere,
806 4257 927 4309 «lamam
945 4258 1056 4311 ulterius
1074 4261 1102 4311 iu
1117 4262 1247 4313 iudicium
1259 4275 1305 4312 ue·

250 4355 263 4385 u
272 4345 300 4390 ul
314 4349 362 4392 aut
372 4348 485 4406 uterque
498 4344 567 4395 inter
581 4352 671 4397 scrut
684 4360 749 4397 neu·
807 4348 917 4400 unire.»
935 4347 1013 4399 Comi.
1028 4362 1053 4398 c.
1067 4349 1109 4400 13.
1121 4354 1185 4400 eutr.
1202 4348 1245 4400 14.
1259 4350 1301 4399 28.

1348 695 1413 736 ‘lollii
1430 710 1483 748 qua.

1335 754 1384 793 reia
