3352 5276
413 511 474 573 136
529 507 624 610 Cap.
642 511 677 585 Ι.
730 509 792 586 De
813 516 899 587 iare
926 536 1088 589 caasrae
1115 512 1379 602 Quinctianae.

258 706 392 809 1ιοοὲιοιξηιὴου-
410 717 598 786 uersurum,
620 702 753 785 species
774 704 875 783 atone
896 704 1007 793 imago
1020 698 1057 783 ⁴⁹)
1083 708 1119 771 et
1139 705 1204 772 loci
1227 707 1316 771 illius
1339 698 1473 787 (eads-

410 822 498 887 dare
528 819 679 907 Atfeatae
713 823 865 891 debuerit
897 816 1028 906 necne]
1061 845 1122 910 per
1153 829 1258 892 totam
1290 810 1474 894 orationem

411 963 473 1030 pro
488 941 644 1026 Quinctio
660 944 805 1013 habitam
819 940 1080 1034 constantior),
1102 950 1311 1039 prouulgari
1328 950 1475 1016 lectione

412 1262 591 1327 «promiscue
614 1263 699 1316 utitur
722 1262 813 1312 uerbis
837 1263 915 1313 tuito

412 1365 469 1402 «ao
488 1350 599 1402 acano
608 1366 618 1411 ,-
637 1365 689 1401 nec
705 1351 762 1402 ullo
776 1352 857 1402 modo
869 1365 916 1403 aa·

412 1453 513 1491 ecesse
531 1444 573 1490 est
584 1439 754 1489 ¹inuidiosam
771 1440 842 1490 hanc
860 1455 916 1491 κα-

412 1525 577 1598 «τάχρησιν
589 1528 728 1579 inducere.
756 1526 833 1578 Adde
844 1528 914 1589 huc,

411 1616 507 1680 equod
536 1616 559 1665 sl
586 1616 682 1668 Glcero
709 1630 741 1666 er
766 1615 917 1667 Hotomoat

411 1704 566 1754 «sententia
586 1718 651 1755 usus
670 1709 742 1757 esset
765 1705 851 1756 uerbo
874 1705 916 1757 de·

411 1795 517 1843 «aruit
534 1794 569 1844 ad
588 1794 738 1856 inuidiam,
766 1807 830 1844 oum
848 1808 916 1845 non·

411 1882 500 1932 adum
527 1895 625 1934 reuera
655 1882 812 1933 muniant
836 1883 917 1933 Dola·

411 1970 527 2027 abella,
559 1971 607 2022 sed
636 1975 742 2021 tantum
771 1972 914 2035 incartet,

410 2059 520 2109 «multo
538 2059 625 2122 magis
643 2073 707 2110 usos
732 2064 805 2110 esset
830 2061 916 2111 uerbo

410 2148 567 2208 «deceruit,
586 2161 649 2198 cum
664 2147 806 2200 Dolabella
819 2161 915 2199 reuera

411 2237 558 2287 «decreuit
580 2249 613 2287 ac
631 2237 779 2300 litigatores
798 2237 914 2288 dimisit:

411 2326 511 2388 «atqui
539 2325 654 2375 uerbum
681 2325 752 2376 iubat
775 2325 915 2377 adhibuit:

412 2411 490 2462 (idat
512 2414 648 2464 caudore
672 2418 722 2464 aot
745 2415 917 2475 sponsionem

412 2501 503 2552 uiolet
529 2501 630 2565 tacere,
662 2506 688 2553 et
712 2503 818 2554 alterae
841 2515 917 2553 reca-

412 2594 525 2640 asontes
547 2598 656 2641 nostros
677 2590 826 2642 adsiccator
844 2604 917 2642 acer·

383 2718 385 2721 .
412 2681 500 2729 ‹triate
518 2680 680 2729 remoueri.
719 2679 789 2742 Ergo
809 2679 914 2730 nullum

412 2773 475 2819 uest
493 2768 544 2818 lroc
563 2768 623 2818 loco
637 2767 844 2830 excogitandum
863 2769 916 2818 dis·

411 2858 539 2907 «crimen
567 2857 638 2906 inter
664 2856 732 2906 haec
767 2858 821 2907 duo
854 2870 916 2907 ner·

412 2946 496 2995 aba.»
527 2968 555 2987 ..
588 2945 664 2995 Unde
695 2945 915 2997 commodissime

411 3035 484 3084 idem
508 3033 540 3084 V.
562 3034 594 3083 li.
615 3033 649 3083 ad
676 3033 766 3084 locum
792 3040 915 3084 nostrum

411 3122 565 3182 concludit,
597 3136 628 3173 er
653 3122 800 3172 Hotomani
825 3123 916 3173 conie-

411 3218 487 3262 ctura
517 3208 663 3272 (iniciare)
690 3209 757 3260 illud
785 3211 915 3262 accedere

411 3298 592 3359 incommodi,
613 3298 686 3362 quod
705 3311 752 3360 ea,
775 3313 845 3362 quaa
864 3305 916 3351 sta·

412 3391 460 3438 tim
487 3392 653 3451 sequuntur,
684 3387 780 3437 Veram
802 3386 916 3439 Praetor

412 3476 671 3530 decamiot‚nll1il
694 3477 759 3526 noui
782 3476 914 3537 habeant,

412 3572 438 3616 et
457 3567 602 3616 uideantur
614 3564 916 3628 quodammodogratis

412 3655 484 3705 eddi.
501 3677 531 3690 -
544 3652 633 3704 Unum
644 3652 696 3703 hoc
708 3653 822 3715 adiioio,
841 3660 916 3709 tanto

413 3744 499 3805 magis
518 3743 597 3792 istam
609 3740 757 3791 Hotoiuoai
769 3742 917 3793 distinctio·-

413 3845 477 3883 nem
491 3830 699 3894 improbandam
708 3843 777 3890 esse,
786 3831 917 3894 quodpro

412 3920 560 3972 tribunati,
591 3918 776 3982 litipotorillat
790 3932 917 3982 praeean-

414 4009 502 4062 tilms,
534 4020 630 4057 caussa
654 4013 734 4058 crota
759 4009 918 4072 occultoque

413 4100 481 4149 haec
493 4102 618 4159 agantur.
638 4096 721 4147 Cuius
733 4097 773 4147 rei
788 4097 847 4160 quis
859 4109 918 4148 cre·

413 4190 518 4238 diturus
536 4191 577 4236 est
595 4198 658 4234 enm
676 4185 801 4235 ordinem
821 4184 915 4247 inisse,

413 4285 442 4327 ut
459 4276 533 4339 prius
546 4278 621 4323 actor
634 4274 797 4336 postularet,
818 4274 916 4325 deinde

413 4366 524 4415 Praetor
542 4362 662 4422 luberet,
682 4375 745 4412 mox
764 4364 787 4412 is
805 4362 916 4425 quicum

971 1265 1062 1328 agitur
1078 1272 1216 1315 recusaret
1240 1278 1324 1329 seque
1347 1265 1476 1318 deiende-

972 1357 1030 1414 ret,
1058 1357 1116 1403 tum
1141 1352 1253 1404 Praetor
1275 1355 1385 1407 tandem
1409 1355 1476 1405 dell·

971 1441 1080 1493 hereret
1098 1454 1191 1492 secum
1204 1448 1284 1505 atque
1297 1443 1476 1495 decerneret?

1005 1527 1052 1593 te)
1080 1530 1115 1581 at
1140 1531 1214 1581 enim
1241 1532 1408 1593 uidendum,
1439 1545 1475 1582 na

972 1624 1067 1669 contra
1093 1620 1223 1681 ueniant,
1254 1633 1324 1683 quae
1349 1622 1377 1670 in
1401 1634 1427 1670 c.
1446 1621 1474 1670 7.

972 1706 1163 1758 continentur:
1202 1709 1350 1759 «utebatur
1376 1708 1476 1774 populo

973 1808 1062 1846 osane
1080 1809 1144 1857 sno,
1171 1801 1314 1859 propterea
1337 1797 1410 1862 qaod
1427 1798 1477 1847 iste

974 1889 1079 1947 «capot
1087 1892 1177 1947 petere
1187 1898 1243 1935 uon
1255 1884 1399 1936 dasiaeiot.
1422 1886 1476 1936 Iste

947 2026 950 2031 ⁸
973 1973 1163 2037 «postulabat,
1184 1979 1214 2024 ul
1231 1981 1391 2039 procurator
1408 1974 1476 2024 iudi-

973 2066 1086 2112 «catnm
1104 2061 1174 2113 solui
1193 2063 1355 2115 satisdaret»
1379 2067 1405 2113 ei
1424 2063 1474 2113 rel.

972 2150 1069 2202 Nonne
1097 2151 1216 2214 Quinctil
1244 2158 1326 2215 ceput
1357 2151 1478 2203 Naeuius

972 2238 1071 2289 dicitur
1088 2230 1218 2304 petiisset
1241 2240 1292 2291 Ita.
1314 2241 1385 2303 Ergo
1405 2241 1476 2291 bona

972 2327 1092 2390 Quinctii
1118 2342 1150 2378 er
1178 2328 1271 2380 Edicto
1299 2342 1423 2393 possessa
1447 2330 1476 2379 in

972 2428 1070 2465 caussa
1082 2415 1211 2477 inerunt,
1230 2431 1280 2468 cnr
1292 2417 1428 2479 Naeuius,
1447 2421 1478 2468 at

972 2503 1024 2554 sibi
1044 2504 1078 2554 als
1096 2503 1196 2555 Alieno
1216 2506 1405 2567 collideretur,
1431 2519 1478 2570 po·

972 2593 1113 2644 stulabatl
1136 2593 1250 2645 Minime
1268 2608 1346 2645 uero.
1368 2617 1396 2628 -
1419 2594 1478 2644 lite-

972 2682 1045 2744 nim,
1078 2687 1108 2733 ut
1134 2683 1238 2732 mittam
1264 2689 1390 2744 caetera,
1421 2696 1476 2733 non

972 2769 1075 2821 idcirco
1110 2770 1230 2822 Naeuius
1265 2761 1376 2821 dicitnr*
1396 2773 1476 2833 copul

974 2856 1094 2919 Quinctil
1108 2860 1230 2921 patiare,
1256 2860 1330 2924 qood
1347 2873 1364 2909 a
1381 2873 1478 2924 proca·

973 2951 1078 3009 ratore,
1098 2953 1128 2997 ut
1145 2948 1197 3005 sibi
1210 2947 1368 3008 satisdaret,
1388 2955 1477 3011 posto-

972 3035 1080 3098 laueril,
1094 3049 1192 3087 uerum
1204 3037 1286 3099 quod,
1301 3037 1475 3099 nisialssens,

972 3124 1011 3175 nti
1038 3130 1189 3188 oporteret,
1221 3125 1249 3174 Ι).
1275 3138 1301 3175 e.
1327 3126 1475 3185 sotudoto,

972 3213 1173 3273 defenderetur,
1193 3214 1266 3264 hand
1280 3213 1404 3263 dublein
1417 3227 1477 3277 pos·

973 3304 1094 3354 sessione
1107 3304 1242 3353 bonoram
1255 3303 1403 3353 obtinenda
1417 3304 1476 3366 per·

973 3391 1084 3441 sistebat
1100 3396 1181 3455 alque
1200 3405 1249 3455 pro
1268 3391 1328 3441 iure
1346 3405 1395 3442 suo
1414 3404 1475 3441 con·

973 3480 1115 3539 tendehat,
1143 3484 1173 3530 ut
1189 3479 1300 3530 Praetor
1311 3484 1477 3551 ‚potestatam

974 3568 1174 3630 imperiumque
1184 3568 1236 3618 sibi
1248 3569 1474 3628 accommodaret,

974 3669 1027 3717 ne,
1056 3658 1201 3719 quominus
1226 3657 1297 3706 bona
1317 3657 1475 3719 possideret,

974 3749 1136 3807 caeteraque
1153 3745 1187 3795 ad
1206 3745 1393 3796 uenditionem
1419 3758 1477 3807 per·

973 3833 1087 3884 tinentia
1104 3835 1161 3883 suis
1174 3846 1298 3897 quaeque
1311 3834 1478 3896 temporibus

973 3935 1005 3972 er
1025 3922 1120 3972 Edicto
1138 3929 1295 3985 perageret,
1314 3924 1372 3972 uim
1384 3922 1419 3972 al)
1431 3921 1477 3972 ad·

974 4012 1096 4060 uenatio
1115 4016 1261 4074 pateretur.

1008 4096 1054 4161 50)
1073 4099 1157 4149 Caute
1177 4112 1209 4148 ac
1234 4098 1328 4148 timide
1349 4098 1478 4161 paucissi-

974 4188 1079 4251 misque
1090 4189 1181 4238 uerbis
1194 4188 1295 4251 ubique
1308 4187 1404 4237 Cicero
1417 4200 1479 4237 eam

975 4289 1033 4325 rem
1042 4277 1158 4338 attingit.
1178 4276 1210 4325 lo
1223 4271 1479 4338 sacrasanctam)

974 4365 1115 4416 decretum
1142 4365 1277 4415 Praetoris
1302 4364 1419 4422 omitlit;
1451 4364 1480 4412 in
