3420 5280
227 602 231 607 ,
348 513 384 589 8·
410 500 451 576 2·
505 498 587 585 Quo
603 500 687 572 iore
709 494 772 569 N'.
799 497 895 569 bono
924 490 981 580 0³³.
1007 493 1238 593 possederit..
1279 476 1337 552 67ι

305 687 411 780 χΩιιίἀ
434 693 543 753 autem
565 685 606 752 de
632 705 672 752 eo
698 689 897 766 statuemus,
920 683 1006 770 quod
1027 685 1115 750 inter
1140 683 1223 749 duas
1245 687 1320 749 illas

258 813 422 881 lectiones
443 800 580 874 differt?
644 896 649 899 Π

323 931 397 1013 Qua
418 931 459 995 de
484 932 577 995 resi
601 931 675 1016 quis
699 927 837 995 iudicem
863 946 914 994 me
945 929 1172 1008 constituerit,
1203 929 1320 994 iurabo

171 1132 173 1139 Α
260 1054 336 1119 mihi
367 1074 434 1119 non
468 1053 609 1138 liquere,
643 1051 717 1116 dum
748 1049 891 1116 Codices
938 1050 1153 1135 consuluere,
1189 1051 1318 1114 nimium

260 1177 357 1241 etiam
380 1175 436 1240 diu
463 1174 526 1241 hoc
548 1178 696 1257 tempore
719 1173 914 1261 neglectos:
947 1173 999 1251 sin
1022 1172 1121 1235 uenia
1146 1169 1260 1256 detur,
1282 1147 1318 1236 ut

259 1298 452 1364 coniectura
474 1295 655 1383 defungar,
678 1293 782 1359 dicam
805 1292 882 1379 quid
903 1294 1053 1358 sentiam.

320 1418 477 1484 Nimirum
502 1436 574 1483 eum
601 1414 665 1497 duo
689 1416 746 1479 illa
777 1417 1008 1499 supplementa
1039 1416 1127 1479 inter
1156 1433 1193 1480 se
1226 1433 1319 1480 com-

258 1557 358 1625 paro,
381 1541 492 1624 potior
502 1536 582 1601 mlhi
601 1540 652 1602 est
667 1534 888 1602 Hotomanus
900 1540 1024 1623 primis
1039 1535 1171 1623 laertia,
1194 1541 1316 1600 estre-

257 1666 324 1728 mo
348 1659 550 1725 Lambinus.
598 1657 693 1723 Malo
720 1658 804 1751 enim
835 1658 937 1723 breue
968 1655 1048 1719 illud
1076 1654 1157 1720 litet
1185 1657 1224 1720 td
1247 1676 1317 1721 aon

257 1776 388 1866 potest,
410 1775 637 1846 Ciceronianis
660 1780 758 1843 etiam
778 1779 938 1862 exemplis
957 1779 1023 1842 illis
1040 1777 1316 1860 commendatum,

259 1922 353 1988 quam
374 1903 525 1965 latiorem
548 1902 644 1966 istam
671 1901 890 1980 sententiam,
926 1917 1010 1983 quae
1032 1904 1174 1983 apparet
1193 1897 1317 1963 additis

258 2025 370 2089 uerbis
394 2024 437 2088 de
462 2020 505 2087 P.
530 2021 708 2110 tietantia,
745 2020 995 2106 haudquaquam
1031 2019 1218 2086 mehercule
1253 2039 1316 2085 ne-

259 2147 425 2211 cessariis.

297 2288 300 2293 ’
320 2266 445 2332 Eadem
471 2285 551 2335 uero
578 2266 726 2332 breuitas
751 2264 794 2329 ad
817 2266 941 2332 calcem
963 2282 1166 2350 magnopere
1193 2266 1316 2349 placet.

256 2388 372 2473 Neque
402 2390 487 2469 enim
511 2387 646 2452 auribus
673 2389 805 2475 gratum
834 2390 886 2451 est
913 2385 993 2450 illud
1015 2384 1071 2452 Ne
1099 2387 1137 2448 td
1164 2387 1315 2473 quitatem,

257 2513 430 2594 postquam
467 2508 563 2573 modo
599 2506 685 2570 dixit
720 2504 777 2571 Ne
814 2512 844 2570 te
876 2506 1030 2594 peridem,
1066 2523 1173 2587 neque
1202 2507 1316 2569 suauis

257 2630 397 2713 paruula
423 2628 507 2694 haec
537 2627 770 2691 uocabulorum
795 2626 833 2689 tet
859 2631 895 2689 et
924 2629 955 2690 ta
981 2624 1181 2689 differentia:
1218 2624 1315 2688 deni-

257 2767 339 2832 que,
377 2746 464 2832 quod
483 2748 712 2835 grauissimum
738 2749 810 2831 est,
846 2747 994 2810 sermoniv
1017 2747 1187 2812 concitato
1215 2749 1315 2830 atquc

256 2868 299 2932 ad
320 2871 407 2934 illam
431 2888 517 2953 rem,
553 2851 637 2953 quae
657 2866 843 2932 iamdudum
864 2870 966 2933 menti
990 2869 1169 2954 praecipue
1192 2867 1315 2931 obuer-

256 2995 350 3055 satur
371 2984 549 3072 [uldelicet
564 2990 713 3055 absentis
733 3008 800 3053 non
816 2989 945 3054 defensi
960 2991 1083 3055 cumen
1103 2978 1314 3067 diluendum)

256 3115 449 3197 properanti
484 3113 622 3177 maxime
655 3112 858 3187 conueniens
875 3094 956 3191 est,
997 3113 1136 3195 repente
1171 3112 1313 3193 abrupto

255 3234 456 3297 alternarum
480 3233 778 3320 interrogationum
807 3240 1108 3317 responsorumque
1133 3233 1189 3295 illo
1220 3234 1312 3317 quasi

255 3356 399 3419 carmine
432 3356 465 3417 in
498 3326 637 3418 mediam
670 3372 738 3418 rem
774 3353 1012 3443 quodammodo
1045 3357 1186 3418 irruere:
1233 3352 1311 3439 quid

255 3477 340 3541 enim
363 3477 504 3560 attinet,
540 3477 643 3539 uerbo
665 3493 792 3563 negare
814 3473 1002 3555 Quinctium
1025 3494 1064 3539 ea
1086 3476 1234 3540 clausula
1257 3479 1312 3537 te-

255 3601 342 3675 neri,
377 3617 472 3680 quum
498 3596 540 3660 ad
563 3599 668 3680 ipsum
698 3595 762 3662 hoc
782 3598 974 3693 primarium
1000 3594 1182 3660 aduersarii
1210 3615 1312 3680 prae-

254 3718 370 3782 sidium
394 3716 650 3804 expugnandum
672 3735 712 3781 ae
742 3719 895 3782 clientem
917 3716 979 3782 hac
1003 3721 1097 3800 parte
1127 3737 1222 3802 quam
1249 3738 1311 3785 co-

255 3841 439 3923 piosissime
465 3836 707 3904 defendendum
737 3842 875 3923 paratus
899 3842 1144 3923 instructusque
1165 3834 1310 3905 uenias?

316 4032 367 4097 At
387 4037 471 4098 enim
495 4054 536 4098 ex
558 4036 632 4118 ipsa
653 4036 780 4098 illorum
801 4037 1036 4101 uersiculorum
1052 4034 1109 4102 Ne
1129 4039 1310 4125 tequidem

254 4157 355 4236 atque
376 4151 432 4218 Ne
452 4155 489 4217 ld
508 4156 642 4242 quidem
660 4154 871 4221 similitudine
894 4152 998 4222 natus
1012 4162 1064 4223 est
1088 4154 1181 4222 error
1203 4160 1308 4223 libra-

255 4274 312 4360 rii,
346 4275 467 4359 qnippe
489 4277 559 4358 qui,
596 4296 691 4359 quum
713 4281 856 4362 priorem
881 4281 1007 4345 calamo
1039 4283 1231 4367 exorasset,
1265 4278 1311 4343 ad

1353 682 1419 722 Locus
1436 686 1457 723 iu
1467 698 1483 723 e,

1341 741 1371 805 ἰῇ,
1378 755 1414 792 pro
1419 743 1485 789 uuin-
