3352 5276
223 518 260 595 s.
272 506 311 579 4.
331 502 392 581 De
402 505 496 580 Ro
513 503 555 578 V.
565 502 954 580 boa-salaciora
966 494 1212 606 quaestiones.
1243 505 1286 570 89

225 694 314 782 qnod
329 697 363 760 in
379 697 522 780 quinque
538 691 787 761 Oxonlensibus
801 698 901 782 atque
916 698 950 805 ln
968 696 1150 765 Dresdensl
1165 697 1285 766 deesse
1305 703 1453 815 ,3⁰:233

225 815 346 885 dioltnr
367 834 414 881 en
435 819 514 881 ante
536 833 652 882 nocem
673 813 857 897 Edicto³⁰l
1304 819 1350 860 ὢν·

287 970 465 1043 Sententia
485 978 597 1040 autem
617 954 810 1060 planissima
830 996 905 1043 meo
927 976 1058 1064 quidem
1079 978 1202 1046 indicio
1228 983 1286 1045 at-

225 1116 289 1184 que
310 1098 520 1183 apertissima
540 1096 625 1163 haee
648 1101 716 1164 est:

203 1235 206 1239 ’
286 1256 377 1331 Nihil
405 1244 552 1337 Quinctii
581 1256 768 1339 referebat,
803 1260 840 1322 nt
868 1259 962 1325 amioi
991 1257 1188 1325 Praetorem
1209 1258 1286 1325 adi-

222 1384 313 1463 rent,
333 1398 377 1447 ne
397 1380 526 1447 Naeuio
547 1381 585 1445 nt
606 1380 696 1446 bona
717 1377 910 1467 possideret¹
933 1382 1116 1464 postulanti
1145 1382 1286 1467 permit-

223 1506 320 1569 teret.
370 1502 451 1569 ¹Non
480 1503 585 1575 enim,
614 1502 710 1586 quasi
738 1519 859 1567 caussa
891 1503 1029 1590 cognita
1058 1505 1285 1589 apparuisset,

224 1622 413 1707 Quinotium
434 1622 655 1688 uadimonium
671 1621 860 1689 deseruisse
874 1641 938 1690 nee
952 1624 1125 1690 absentem
1139 1622 1286 1709 delendi,
1354 1660 1373 1697 .

223 1747 271 1811 ita
291 1745 437 1811 Praetor
456 1763 543 1828 poure
565 1743 728 1811 Naeuium
749 1742 923 1830 possidere
944 1745 1096 1824 iubebat,
1122 1746 1217 1810 immo
1239 1764 1287 1811 ea

194 1852 197 1855 ’
223 1867 354 1933 Edicto
376 1866 551 1953 possidere
576 1866 727 1954 iubebat,
756 1866 789 1930 h.
813 1870 1054 1959 usamenta,
1088 1870 1125 1931 nt
1145 1866 1286 1954 perinde

224 1993 258 2053 et
271 1983 455 2074 'permissio
477 1990 512 2054 et
525 1990 695 2075 possessio
710 1991 786 2054 rata
800 1991 909 2076 esset,
930 1990 1031 2075 atque
1045 1988 1167 2055 Edicto
1183 2006 1286 2063 oans-‚

111 2189 114 2192 Α
223 2112 336 2195 sisque
376 2111 601 2197 possessionis
640 2110 841 2178 obtinendae
876 2112 911 2176 in
945 2109 1068 2178 Edicto
1104 2111 1287 2196 propositis

223 2232 432 2299 satisfactum
467 2234 569 2299 esset.
627 2229 722 2314 Quae
758 2236 910 2318 quaestio
945 2251 1042 2319 quum
1075 2232 1286 2299 aPraetore

222 2356 356 2442 integra
370 2358 488 2441 atque,
510 2359 546 2420 ut
558 2357 609 2421 ita
626 2354 752 2443 dioam,
772 2355 808 2418 in
829 2354 1009 2440 hypothesi
1031 2355 1286 2446 relinqueretur,

222 2474 305 2539 nihil
325 2477 407 2540 iuris
429 2493 469 2542 ea
494 2477 710 2561 possessione
739 2475 820 2542 data
845 2495 954 2562 neque
982 2476 1111 2543 Naeuio
1141 2494 1286 2562 quaere,-

223 2596 324 2661 batur
355 2614 465 2681 neque
501 2594 658 2677 Quinctio
692 2596 950 2680 detrahebatur,
984 2599 1079 2676 siue,
1110 2599 1148 2662 ut
1176 2596 1287 2663 Paulli

125 2712 127 2719 ’
224 2716 337 2781 uerbis
369 2720 521 2802 utamur,
557 2714 648 2783 oothtl
677 2714 839 2784 Naeuius
870 2716 938 2784 sibl
969 2718 1191 2809 acquirebat,
1214 2719 1287 2785 sed

225 2836 359 2927 aliquid
390 2855 447 2903 en·
467 2839 588 2927 ordine
619 2836 788 2924 foetebat.
843 2836 1063 2921 Quamobrem
1095 2837 1183 2919 haud
1212 2841 1285 2907 sine

224 2959 355 3026 ratione
383 2958 513 3026 'l'ullius
543 2964 649 3050 negat
680 2961 857 3027 attinuisse
888 2980 1081 3047 quemquam
1112 2980 1286 3047 recusare,

225 3083 304 3166 quin
336 3065 424 3147 bona
457 3081 623 3168 possideri
657 3084 871 3164 iuberentur,
906 3084 1029 3169 quippe
1061 3101 1286 3171 quaecumque

224 3205 305 3269 tune
327 3205 440 3269 ualere
456 3207 669 3297 potuissent,
694 3205 867 3290 quominus
882 3203 1150 3289 possiderentur,
1170 3206 1286 3276 eadem

224 3327 345 3407 postea
367 3324 561 3391 tantundem
581 3327 756 3412 ualebant,
786 3326 959 3411 quominus
987 3345 1031 3392 ex
1058 3327 1180 3395 hldioto
1202 3347 1286 3415 pos-
1337 3350 1340 3357 ·

196 3472 198 3477 ·
225 3443 326 3510 sideri
348 3464 551 3529 possessaue
572 3465 647 3513 esse
668 3445 871 3513 uiderentur.

287 3567 386 3634 Hane
415 3586 495 3633 uero
523 3569 588 3635 loci
616 3570 724 3634 nostri
751 3571 951 3663 sententiam
980 3572 1036 3655 qul
1062 3589 1129 3636 non
1149 3572 1286 3639 intelle

224 3694 364 3773 xerunt,
386 3692 506 3775 quibus
527 3691 730 3763 coniecturis
751 3691 936 3777 quibusque
957 3691 1000 3758 de
1021 3693 1094 3758 inre
1109 3694 1177 3759 tam
1192 3711 1286 3761 oom-

225 3813 313 3874 muni
342 3831 438 3897 quam
468 3810 668 3895 Quinctiano
696 3813 889 3878 commentis
911 3833 981 3880 rem
1004 3816 1157 3905 egerint,
1177 3835 1286 3910 ‘sum-

225 3934 336 3997 matim
352 4008 354 4014 k
368 3952 577 4016 percurram,
613 3951 751 4019 eamque
783 3954 884 4021 spero
917 3936 993 4002 mihi
1029 3938 1159 4004 latioris
1189 3938 1287 4004 huius
1363 3916 1366 3921 ¹

227 4057 394 4120 tractatus
415 4059 663 4122 excusationem
685 4056 777 4122 iore,

259 4264 306 4329 30)
325 4267 406 4317 Deest
424 4267 452 4317 in
476 4270 606 4320 tredecim
629 4271 727 4322 Porisi·
784 4272 879 4322 diebus
897 4271 1009 4323 contuli.
1047 4272 1115 4325 Vide
1132 4272 1203 4325 inira
1221 4271 1286 4324 alte·

228 4355 353 4418 ensibus,
379 4370 447 4420 quos
467 4358 523 4421 ipse
543 4360 634 4422 paneis
652 4361 727 4411 hisee
783 4374 844 4411 rum
862 4365 985 4440 nostrum
1003 4366 1093 4425 eaput.
