3420 5280
409 477 451 543 tt
516 475 610 580 Gap.
633 479 665 552 1.
719 477 889 554 Dolore
916 503 1077 555 correano
1106 480 1387 568 Quinctianae·

242 669 390 779 0233?ss
472 668 591 736 Paullo
614 673 733 754 postea
755 667 891 735 Bouttos
913 665 1055 736 Codices
1074 689 1146 736 cum
1168 673 1299 736 ratione
1321 672 1403 736 iuris
1425 673 1472 736 lta

241 784 345 831 olma
409 792 617 874 conciliauit,
652 794 690 855 ut
712 810 777 877 quo
800 808 915 856 errore
945 792 1087 876 expulso
1109 791 1153 856 ed
1183 793 1359 859 lectionem
1385 792 1472 858 banc

412 917 560 978 nostram
583 911 814 978 stabiliendam
837 915 1029 977 necessario
1052 932 1138 998 opus
1159 919 1272 997 esset,
1300 933 1371 980 eum
1395 916 1473 999 qul-

410 1033 483 1099 dom
506 1035 710 1120 expelleret,
734 1032 776 1099 de
798 1034 943 1101 caeteris
965 1052 1059 1119 quam
1083 1035 1241 1119 plurimos
1255 1030 1474 1109 retineret⁵lt

475 1154 626 1240 Denique
647 1152 867 1243 licentietur,
890 1170 986 1240 quum
1009 1154 1051 1220 de
1068 1173 1188 1221 caussa
1205 1152 1334 1222 Siliana
1351 1155 1473 1221 disser-

411 1278 502 1361 eret,
540 1277 650 1340 obiter
672 1275 802 1362 quidem
824 1277 932 1343 locum
955 1278 1104 1341 nostrum
1137 1279 1267 1363 attigit,
1297 1296 1474 1363 ueramque

410 1398 587 1463 lectionem
610 1400 814 1464 auctoritate
838 1399 946 1487 magis
974 1416 1035 1462 sua
1065 1416 1160 1484 quam
1184 1398 1344 1482 peculiari
1367 1417 1475 1486 argu-

411 1519 616 1583 mentatione
649 1517 807 1584 lirmauit:
851 1524 998 1584 attamen
1034 1522 1249 1604 sponsionum
1286 1521 1475 1584 uniuersam

410 1643 584 1726 naturam,
607 1656 680 1726 'qua
709 1644 761 1706 est
784 1642 906 1725 pcrltla
926 1645 961 1706 et
988 1641 1194 1723 subtilitate,
1223 1641 1307 1706 adeo
1330 1659 1475 1726 perspe-

412 1762 503 1827 xisse
526 1761 603 1826 mlbi
625 1761 774 1848 uidetur,
796 1767 848 1849 ut,
872 1761 1046 1827 dummodo
1068 1763 1110 1828 aul
1127 1760 1358 1844 Qulrrcttanam
1374 1781 1475 1829 caus

410 1902 480 1948 sam
502 1885 642 1968 propius
669 1883 834 1950 accedere
863 1884 1043 1969 uoluisset,
1076 1883 1242 1950 scribendi
1273 1883 1349 1947 mlbi
1373 1902 1477 1950 occa-

411 2006 537 2071 sionem
560 2008 618 2070 ulx
639 2006 819 2072 relicturus
841 2006 971 2070 fuisset.

476 2165 591 2250 Atque
623 2163 706 2231 baec
737 2169 789 2229 est
820 2163 994 2229 Editorum
1021 2182 1062 2229 ac
1098 2165 1399 2231 commentatorum
1435 2163 1477 2230 de

412 2286 470 2350 llla
490 2287 673 2370 sponsione
696 2285 901 2370 disputatio,
933 2285 975 2351 ad
999 2286 1030 2351 d.
1051 2290 1153 2373 caput
1175 2285 1205 2352 8.
1228 2287 1325 2352 buius
1349 2288 1477 2351 oratio-

413 2409 466 2471 nls
487 2407 680 2494 plerumque
708 2406 854 2489 directa,
890 2411 991 2494 atque
1022 2407 1099 2499 inde
1128 2408 1171 2473 ad
1193 2413 1296 2494 capnt
1317 2405 1385 2497 27„
1422 2408 1477 2472 ubi

414 2527 560 2593 eiusdem
582 2529 775 2613 sponsionis
797 2516 920 2594 mentio
942 2531 1103 2612 recurrit,
1126 2531 1301 2595 translata.

396 2658 403 2683 '·
477 2647 583 2731 Quam
604 2666 685 2715 uero
708 2651 877 2716 inferioris
899 2651 997 2717 huius
1020 2653 1182 2717 formulae
1206 2650 1348 2736 quidam,
1388 2652 1479 2715 inani

412 2771 571 2843 artificio,
595 2773 659 2838 slbl
681 2771 882 2839 effinxerunt
904 2773 1133 2840 diuersitatcm
1144 2764 1199 2854 ⁵⁹),
1235 2792 1276 2839 co
1298 2790 1478 2858 peruersee

448 3012 497 3067 58>
516 3012 536 3064 l.
555 3011 575 3062 1.
587 3026 623 3076 p.
641 3013 686 3065 21.
708 3039 738 3051 -
760 3013 821 3063 alta
839 3014 919 3064 nimi·
975 3014 1117 3065 «uolebat.
1154 3014 1232 3076 Quod
1251 3015 1273 3064 si
1292 3013 1411 3066 Naeuius
1426 3014 1479 3078 prl-

414 3114 517 3158 nrum,
542 3102 647 3165 inquit,
665 3101 857 3175 eraltorrnnla
886 3098 920 3164 (a
977 3116 1059 3152 umus
1083 3103 1258 3166 sponsionem
1284 3103 1412 3164 lecisset,
1442 3103 1479 3153 el·

409 3192 448 3239 a.
469 3225 476 3240 .
497 3223 505 3240 .
524 3203 579 3240 non
590 3189 700 3254 mont),
714 3204 795 3254 quam
809 3189 919 3241 Praetor
976 3191 1060 3243 adem
1070 3192 1151 3241 etiam
1162 3192 1250 3255 primo
1263 3191 1323 3241 loeo
1333 3204 1365 3241 ex
1378 3203 1480 3254 sponsu

415 3278 598 3341 «Quinctium
626 3279 766 3330 intendere
792 3279 918 3336 uolebat,
976 3280 1138 3342 aagendam
1166 3278 1290 3330 suisset»
1320 3305 1353 3315 -
1390 3280 1481 3331 Sensit

416 3381 503 3417 ocum
536 3367 669 3420 Naeuium
703 3368 807 3432 primus
840 3380 920 3432 spon·
976 3368 1058 3431 igitur
1075 3368 1106 3418 V.
1127 3368 1179 3429 la,
1210 3371 1375 3432 waratonem
1396 3371 1481 3432 locere

415 3456 516 3507 <astons
551 3456 694 3519 obligaret.
751 3456 810 3507 Non
841 3457 920 3507 aliter
976 3456 1029 3507 dici
1048 3457 1173 3507 hocloco
1186 3459 1232 3521 qui
1245 3456 1405 3520 stipulatur,
1424 3469 1480 3506 non

415 3545 521 3607 «igitur
538 3545 654 3607 legenda
671 3544 781 3595 uidetur
799 3544 828 3594 in
847 3559 871 3595 c.
890 3544 918 3594 8.
976 3546 1024 3609 qni
1054 3545 1194 3609 stipulanti
1226 3547 1373 3608 promitti13
1413 3544 1480 3595 illnel

415 3639 467 3683 uel
484 3635 545 3693 274
574 3640 689 3696 utroque
710 3633 784 3683 euim
802 3632 863 3683 loeo
881 3632 920 3682 ‹li-
977 3647 1043 3684 uero
1070 3648 1126 3684 non
1153 3634 1301 3694 intellexit,
1328 3633 1481 3696 simplicem

416 3723 511 3772 «citur
525 3736 557 3773 ax
570 3735 686 3787 persona
699 3721 854 3781 Praetoris,
873 3722 920 3785 qui
976 3736 1036 3773 ease
1057 3723 1233 3786 sponsionem
1264 3736 1315 3772 nec
1341 3728 1480 3780 mutuam,

416 3809 585 3861 «formulam
608 3813 644 3861 ita
663 3811 855 3874 nuncupabat,
883 3810 921 3859 nti
976 3824 1067 3875 neque
1086 3811 1167 3872 illud,
1188 3812 1224 3861 od
1240 3806 1403 3874 sponsionem
1418 3822 1481 3872 pro-

418 3906 499 3950 uerat
526 3892 681 3964 usurpanda
702 3899 806 3959 abeo,
840 3911 920 3961 quem
977 3913 1074 3949 uocare
1093 3902 1151 3949 eius
1170 3913 1250 3956 esse,
1269 3899 1482 3962 quiuetttspon·

417 3989 557 4051 «primum
576 3989 752 4052 sponsionem
771 3987 861 4038 lacere
882 3988 921 4036 in·
977 3988 1083 4037 sionem
1102 3988 1182 4049 lieri,
1203 4002 1258 4037 uon
1277 3988 1323 4051 qui
1342 3993 1450 4036 recuset.

417 4077 539 4137 abebat,
566 4077 647 4140 plane
674 4081 704 4126 ut
729 4077 776 4139 qui
795 4077 921 4125 aduersa·
1012 4076 1057 4131 59)
1083 4075 1162 4126 Conl.
1182 4077 1362 4126 Fueetotntum
1386 4081 1411 4125 et
1431 4074 1483 4126 Go-

417 4165 512 4214 urlum
534 4164 568 4214 all
587 4165 763 4228 sponsionem
791 4176 921 4227 prouoea·
976 4166 1111 4227 eutonium
1129 4166 1256 4215 arleti.
1283 4166 1405 4226 Quorum
1427 4164 1482 4222 bic,

417 4254 502 4314 «bat,
530 4265 591 4303 eam
617 4252 764 4303 formulam
786 4252 919 4309 addebat,
978 4253 1099 4312 «Ferri,
1129 4254 1234 4316 iuquit,
1264 4253 1374 4314 uulgata
1401 4252 1484 4302 lectio

418 4354 494 4405 aqua
525 4355 587 4392 enm
625 4342 791 4391 contendere
828 4354 920 4390 secum
979 4337 1071 4401 alst..
1089 4340 1219 4403 nonunt)
1238 4342 1362 4392 hocloco
1379 4347 1481 4404 potest:
