3310 5280
415 468 478 529 200
587 463 682 567 Cap.
708 465 767 540 ΙΙ.
822 463 881 540 Dc
907 468 1098 540 mumdum
1128 467 1298 539 iectionis

295 670 395 711 ‘eom
415 656 542 722 etiamst
557 653 651 720 XVI.
672 657 735 720 tam
758 655 894 720 saeculo
916 654 986 719 nott
1009 655 1174 735 tuissent,
1195 654 1314 720 aeduin
1337 657 1474 739 conspi-

414 795 544 863 cuoque
564 795 695 861 semper
717 795 790 842 cum
808 776 922 842 iructu
942 794 1141 856 renovasse,
1163 774 1240 840 mihi
1257 795 1388 863 quoque
1403 779 1475 862 pri-

415 918 498 964 mum
520 899 600 984 init,
622 901 660 962 ut
681 895 838 982 Codices,
860 898 894 961 in
915 896 980 964 trac
1002 898 1175 985 oratione,
1198 899 1226 963 ai
1249 899 1284 962 in
1305 898 1369 963 aiio
1391 899 1474 983 nita,

414 1022 544 1086 nimium
572 1018 631 1084 diu
656 1011 879 1107 neglectosb,
906 1016 1117 1105 indagarem,
1150 1022 1185 1085 et
1207 1037 1473 1105 quorumcunque

414 1143 513 1226 copia
535 1142 616 1228 fnit,
649 1143 790 1228 impigre
811 1142 1013 1206 excuterem
1072 1137 1149 1221 Qua
1169 1141 1204 1204 tn
1226 1158 1264 1206 re
1285 1159 1334 1227 ne
1350 1159 1474 1207 recen-

414 1264 521 1328 tiores
545 1262 693 1349 quidem,
718 1260 815 1327 XIV.
836 1264 938 1347 atque
959 1259 1036 1327 XV.
1057 1261 1184 1327 saeculi
1204 1260 1378 1346 uidelicet,
1400 1261 1474 1326 dnm

415 1386 569 1450 meliores
590 1384 806 1465 iuueniorem,
842 1381 1072 1470 fastidiebam,
1093 1383 1198 1468 probe
1219 1400 1359 1472 memor,
1381 1383 1475 1449 ceie-

416 1507 576 1573 berrimoe
597 1505 673 1571 iilos
693 1504 819 1571 saeculi
842 1502 936 1570 XVL
949 1503 1110 1570 Editores
1131 1503 1341 1589 otomanus,
1364 1506 1398 1569 et
1419 1508 1475 1589 qut

415 1627 564 1713 proxime
586 1624 651 1691 boa
672 1629 894 1712 exceperunt,
916 1645 1014 1711 quum
1036 1628 1229 1693 contextum
1250 1626 1357 1711 titum,
1380 1646 1475 1711 quem

414 1747 570 1814 traditum
591 1749 801 1836 accepimus,
823 1750 1085 1835 constituerent,
1107 1746 1222 1814 iisdem
1243 1747 1316 1814 fere
1339 1747 1475 1815 Codici-

414 1872 477 1936 bus
497 1869 699 1935 simittbusue
726 1887 808 1935 usos
841 1887 932 1956 esse,
967 1871 1016 1934 tta
1041 1872 1152 1936 tamen
1184 1890 1283 1953 usos,
1319 1873 1474 1956 utquam

414 1993 460 2058 ibi
480 1990 655 2056 uerborum
677 1992 853 2079 imaginem
874 1990 1082 2076 hausissent,
1110 2008 1182 2056 eam
1204 1990 1391 2058 eruditione
1412 2010 1477 2058 sua

413 2130 589 2197 rerumque
610 2113 803 2201 cognitione
825 2110 1058 2200 emendarent,
1087 2113 1265 2179 reticerent
1286 2117 1387 2198 atque
1409 2131 1472 2179 ex·

416 2234 576 2299 coierent.
632 2230 719 2314 Quid
747 2224 877 2322 igitur?
916 2233 1036 2300 Nonne
1065 2232 1099 2299 id
1131 2235 1238 2319 ipsum
1274 2254 1359 2319 opus
1389 2235 1470 2301 hacc

415 2359 512 2420 aetus
531 2358 666 2440 nostra,
692 2355 750 2419 uix
777 2354 956 2422 maioribus
985 2354 1115 2441 quidem
1141 2357 1239 2421 animi
1259 2357 1404 2443 uiribus,
1433 2358 1471 2422 at

416 2479 513 2543 nouis
544 2475 737 2561 quibusdam
764 2475 922 2543 subsidiis
952 2479 1138 2564 instructa,
1159 2477 1378 2544 retexendum
1410 2479 1471 2544 sibi

416 2590 616 2682 proposuit?
641 2596 738 2678 Quod
760 2603 796 2663 ut
818 2617 980 2685 prospere
1003 2598 1186 2684 procedere
1207 2601 1336 2685 possit,
1357 2600 1470 2683 impri-

415 2720 475 2784 mis
503 2719 578 2784 mitri
609 2719 778 2785 sciendum
801 2738 877 2785 esse
899 2718 1043 2802 uidetur,
1074 2719 1153 2806 quid
1174 2722 1256 2806 tpsts
1278 2716 1471 2803 codicibus,

416 2840 494 2927 quid
514 2844 633 2908 contra
655 2841 783 2906 iliorum
813 2844 957 2907 uirorum
979 2843 1182 2909 coniecturis
1203 2841 1388 2928 iudicioque
1408 2861 1470 2908 ac-

414 2967 545 3048 ceptum
574 2965 619 3029 ait
651 2962 834 3029 terendum.
891 2963 931 3030 Id
964 2982 1045 3029 nero
1076 2966 1140 3029 nial
1176 2962 1355 3031 Codicibuu
1389 2965 1472 3047 ipsis

414 3084 524 3151 denuo
545 3086 708 3169 inspectis
735 3087 820 3150 satis
840 3086 919 3151 ectri
942 3104 1009 3150 non
1031 3104 1151 3171 posue,
1177 3105 1257 3151 uuus
1278 3104 1329 3152 me
1351 3084 1472 3151 docuit.

414 3201 485 3273 Sed
518 3206 596 3291 qnid
618 3225 703 3290 opus
724 3210 777 3272 est
798 3198 922 3291 plura?
958 3209 1027 3273 Iam
1051 3209 1136 3274 enim
1158 3226 1214 3273 res
1235 3209 1310 3292 ipsa
1330 3210 1471 3272 senten-

414 3330 492 3393 tiam
515 3330 661 3393 nostram
683 3327 877 3395 declarabit.

475 3525 687 3593 Bibliotheca
707 3527 803 3616 regia
825 3525 1026 3592 Peristensts
1050 3522 1192 3592 Codices
1212 3526 1473 3611 manuscriptos,

414 3648 531 3731 quibus
553 3650 661 3713 oratio
683 3668 748 3735 pro
770 3645 812 3714 P.
835 3644 999 3731 Qutrwtto
1022 3649 1126 3734 inest,
1162 3648 1263 3736 turbet
1285 3647 1473 3729 tredecim,
1524 3694 1534 3705 .

414 3789 548 3854 quorum
571 3788 652 3837 ecce
674 3771 732 3836 tibi
757 3770 908 3836 indicem.

476 3928 506 3974 a.
518 3900 643 3976 =Coden
658 3909 871 3994 chartaceus,
893 3912 1028 3977 saeculo
1043 3909 1120 3975 XV.
1142 3914 1316 3996 exaratus,
1335 3910 1473 3996 primum

447 4224 476 4289 t)
496 4227 600 4278 Videris
619 4240 689 4291 quae
708 4225 866 4275 Niebutrtus
880 4227 912 4275 de
970 4228 1094 4277 itbonuuo
1110 4225 1233 4292 (Bonuae
1247 4221 1336 4291 1827.)
1358 4228 1433 4278 Tom-
1449 4228 1474 4278 1.

412 4316 463 4366 irae
492 4317 615 4367 oratione
642 4315 735 4366 statuit
767 4316 795 4363 in
819 4315 912 4365 Museo
965 4330 995 4377 p.
1015 4317 1077 4367 223.
