3420 5280
425 517 466 583 ao
532 489 675 593 Cupl.
727 489 789 568 Du
815 494 901 568 iure
932 515 1091 568 consenc
1117 490 1379 580 Quinctianae.

267 678 336 777 ,ιζ’
354 678 405 719 “¹¹³⁸
424 685 523 751 etiam
554 683 744 769 partitionis
769 684 847 773 lege
871 680 1061 772 distingui,
1079 701 1185 768 eaque
1207 684 1336 749 ratione
1358 701 1444 768 quae
1465 703 1487 748 a

423 806 627 892 postulantis
648 823 794 891 persona
814 805 1042 887 requirantur,
1071 808 1188 892 primu
1207 809 1329 891 purte,
1358 823 1486 890 quaen

422 925 562 1005 domini,
584 926 700 992 ultera
721 927 895 992 contineri.
1409 932 1411 935 ·

486 1046 585 1130 Quod
607 1050 659 1113 ius
679 1050 709 1112 si
730 1065 802 1113 cum
829 1045 970 1134 Uipiaiei
984 1046 1177 1132 supradicto
1193 1048 1383 1136 fragmento
1399 1066 1485 1113 con-

421 1170 530 1254 feras,
552 1188 590 1235 rc
605 1168 734 1254 quidem
750 1169 881 1233 omnino
896 1169 984 1233 inter
998 1186 1036 1233 se
1056 1172 1261 1256 congruunt,
1282 1154 1388 1254 ipsius
1403 1189 1484 1235 uero

420 1291 532 1358 Edicti
559 1292 666 1357 forma
694 1293 796 1376 atque
823 1291 999 1376 conceptio
1022 1288 1086 1357 hac
1107 1286 1280 1357 Ciceronis
1301 1294 1414 1356 aetate
1437 1294 1484 1356 iia

330 1416 332 1425 '
420 1415 528 1503 magis
549 1412 683 1478 uidetur
704 1414 897 1498 comparata
911 1411 1047 1499 inisse,
1079 1413 1132 1496 ui,
1162 1432 1246 1498 quae
1274 1412 1318 1478 ad
1344 1414 1485 1477 aiteram

419 1537 508 1600 iiiam
535 1538 663 1621 partem
703 1535 910 1619 pertinerent
941 1552 1182 1619 personamque
1210 1534 1372 1601 debitoris
1400 1551 1483 1621 spe-

419 1659 562 1745 ctarent,
585 1658 721 1743 proprio
732 1657 790 1721 ilio
805 1659 915 1742 capite
931 1657 1033 1721 iatius
1048 1658 1313 1741 exponerentur,
1337 1675 1483 1741 cancro,

420 1796 505 1864 quae
532 1780 636 1863 priori
664 1781 760 1864 parte
786 1779 1001 1875 continentur
1029 1768 1180 1858 [scilicet
1209 1777 1400 1862 postulandi
1431 1778 1483 1843 ius

418 1901 551 1965 nonnisi
574 1898 813 1987 creditoribus,
835 1902 870 1964 et
891 1901 946 1984 qni
960 1897 1161 1965 creditorum
1177 1900 1252 1964 ioco
1269 1898 1482 1983 haberentur,

418 2012 642 2109 competere),
664 2022 773 2087 obiter
795 2022 918 2109 magis,
939 2021 1156 2105 inscriptione
1178 2021 1326 2086 fortasse
1341 2019 1481 2106 quadam

417 2146 528 2212 alioue
549 2142 663 2225 modo,
685 2144 788 2209 tacite
809 2142 882 2208 iere
895 2142 951 2207 nei
970 2160 1031 2227 per
1046 2141 1187 2209 indicem
1202 2142 1481 2231 significarentur.

417 2263 517 2332 Unde
540 2265 682 2354 intelligi
700 2266 828 2350 potest,
850 2261 1013 2350 quomodo
1028 2263 1205 2346 acciderit,
1227 2266 1313 2329 utin
1329 2267 1482 2330 oratione

418 2406 480 2474 pro
502 2384 659 2468 Quinctio
680 2385 812 2470 habita,
841 2403 926 2471 quae
948 2386 1114 2452 debitoris
1143 2406 1318 2473 personam
1340 2390 1481 2471 specta·

414 2512 506 2590 rent,
539 2508 720 2594 praecipue
748 2509 850 2593 atque
871 2504 940 2568 κατ’
965 2503 1079 2582 ἐξοχὴν
1101 2507 1230 2574 Edicto
1252 2509 1481 2575 attribueren-

415 2633 486 2711 tur,
509 2647 615 2716 eaquc
637 2600 751 2716 parte,
773 2648 839 2714 qua
861 2631 1048 2714 quaeritur,
1070 2629 1160 2695 bonu
1182 2648 1228 2694 eu
1243 2627 1373 2695 Edicto
1394 2649 1480 2718 pos-

414 2752 523 2819 sideri
559 2753 740 2843 potuerint
772 2768 897 2831 nicene,
941 2748 1318 2838 comprehenderentur3
1360 2753 1480 2817 contra

415 2876 525 2965 autem
554 2872 627 2956 iiia,
662 2890 748 2957 quae
775 2869 820 2938 ad
848 2873 899 2936 ius
927 2871 1046 2937 crediti
1068 2871 1311 2957 uadimoniiquc
1333 2860 1478 2954 deserti,

415 2993 558 3078 denique
572 2992 617 3058 ad
634 2993 847 3076 poentientia
859 3011 1046 3080 personam
1063 2995 1286 3083 pertinerent,
1308 2994 1351 3060 ab
1367 2994 1478 3061 Edisti
1569 3016 1572 3027 ¹

415 3115 661 3200 disceptatione
675 3117 943 3195 secernerentur,
958 3116 1159 3201 propriaque
1174 3118 1287 3206 parte,
1303 3136 1384 3202 qua,
1394 3137 1479 3183 ctum

414 3240 529 3302 octoni
548 3235 753 3324 postulandi
773 3255 899 3305 caussa
911 3234 1058 3325 subiet,
1081 3239 1316 3322 quaereretur,
1337 3239 1478 3305 conciu-

414 3355 583 3423 derentur.

476 3515 540 3581 His
561 3517 665 3605 igitur
686 3518 874 3602 perspectis
895 3518 1045 3584 omnibus
1072 3519 1163 3585 facili
1184 3521 1322 3609 negotio
1350 3521 1477 3585 inteili-

412 3641 530 3723 getur,
551 3656 647 3723 quam
670 3637 758 3704 iaisa
779 3639 823 3703 sit
847 3638 1040 3724 supradicta
1064 3641 1176 3724 opinio
1198 3643 1476 3722 existimantium,

412 3758 632 3824 uadimonium
655 3758 821 3824 desertum
851 3779 911 3825 sua
941 3764 974 3824 ui
995 3780 1036 3828 ac
1057 3765 1244 3847 potestate,
1281 3781 1388 3848 neque
1410 3764 1477 3828 aiia

411 3898 449 3945 re
471 3881 539 3945 ulia
560 3881 819 3965 superueniente
847 3885 905 3946 aut
927 3882 1054 3948 Naeuio
1084 3887 1141 3949 aut
1164 3885 1295 3949 omnino
1325 3888 1474 3970 cuiquam

412 4000 564 4066 idoneam
594 4001 761 4067 bonorum·
783 4002 1059 4089 possidendorum
1083 4023 1233 4072 caussam
1262 4007 1475 4091 praebuisse,

411 4141 521 4208 neque
550 4122 773 4206 dubitabitur,
812 4126 906 4209 quin,
941 4126 997 4191 ubi
1025 4145 1071 4211 ,ex
1100 4130 1242 4211 quatuor
1271 4129 1336 4193 iilis
1364 4110 1474 4195 Edicti

412 4246 544 4312 caussis
565 4227 656 4309 nnita
677 4248 877 4332 accesserit,
903 4247 951 4328 is,
972 4248 1025 4313 cui
1047 4246 1270 4315 uadimonium
1288 4250 1389 4313 inerit
1412 4248 1475 4315 de-

412 4371 554 4454 sertum,
592 4386 688 4451 quum
722 4371 756 4432 in
790 4369 842 4433 ius
875 4369 1018 4435 uocandi
1054 4368 1236 4435 aduersarii
1274 4374 1473 4454 potestatem
