3352 5276
227 537 264 614 s.
278 525 316 599 4.
336 521 397 599 De
410 524 457 600 Ρ.
468 532 504 599 et
522 523 564 598 V.
574 462 961 599 ¹booa--Subseciuue
974 529 1220 626 quaestiones.
1247 526 1288 590 83

227 715 290 781 bac
327 734 393 780 una
429 733 466 779 re
503 713 589 779 adeo
628 713 711 780 nihil
751 716 835 781 certi
871 716 952 780 iuris
982 715 1197 802 adquisiisse,
1235 721 1289 802 ut,
1308 715 1455 823 ἐγω·
1581 720 1584 724 ’

228 838 377 924 quamuis
390 837 479 901 iusta
495 843 616 902 caussa
629 835 731 901 fuerit
745 835 954 920 postulandi,
976 840 1126 922 quamuis
1142 856 1163 903 a
1179 838 1289 921 Prae-

227 963 301 1024 tore
317 959 427 1025 iussus
444 959 543 1023 etiam
561 965 655 1023 recte
672 957 862 1042 possederit
881 958 969 1023 bona
989 962 1022 1024 et
1041 961 1289 1047 proscripserit,

228 1084 357 1165 tamen,
385 1072 559 1143 dummddo
590 1080 680 1144 intra
701 1081 841 1166 triginta
870 1077 943 1145 dies
971 1056 1044 1145 siue
1065 1081 1203 1166 abipso
1226 1080 1291 1146 do-

227 1202 314 1266 mino
335 1202 407 1266 siue
432 1219 452 1266 a
478 1204 697 1285 procuratore
721 1202 810 1266 iusta
838 1172 989 1268 defensio
1017 1201 1210 1285 offerretur,
1245 1202 1290 1268 ad

165 1312 171 1319 ’
225 1325 354 1388 irritum
373 1322 502 1389 isthaec
525 1321 715 1388 reciderent
740 1324 864 1408 omnia,
886 1342 995 1409 neque
1025 1325 1081 1409 qui
1103 1342 1144 1390 ea
1166 1343 1290 1409 passus

226 1448 335 1526 esset,
365 1447 546 1529 propterea
574 1446 633 1509 aut
658 1433 830 1529 peculiari
843 1444 1031 1510 satisdandi
1056 1446 1209 1515 molestia
1230 1451 1288 1512 aut

226 1567 293 1630 alio
316 1565 515 1637 detrimento
539 1583 702 1652 quoquam
722 1559 960 1644 afficeretur9).
1028 1546 1032 1562 ’

290 1687 446 1777 Triginta
472 1686 599 1753 demum
625 1686 887 1775 elapsisrdiebus
911 1691 993 1755 iurIs
1015 1690 1182 1755 existebat
1204 1690 1288 1756 effe-

226 1812 302 1874 ctus
324 1813 439 1875 certus
462 1809 702 1893 absolutusque
714 1802 766 1896 ¹⁰),
794 1811 1032 1876 incrementum
1059 1814 1219 1896 capturus
1244 1831 1287 1878 ex

138 1993 140 2000 .
226 1930 335 1995 altera
349 1929 524 1996 Praetoris
542 1929 690 2031 aditione
706 1948 860 2017 nouoque
872 1912 994 1998 exinde
1009 1932 1149 2021 triginta
1163 1932 1286 1999 dierum

226 2053 337 2137 spatio
359 2070 493 2118 emenso
507 2045 555 2131 ¹¹).

288 2170 388 2241 Unde
414 2195 512 2260 quun
538 2174 719 2260 appareat,
751 2177 886 2260 primam
915 2177 1003 2242 iilam
1029 2177 1063 2242 in
1093 2177 1182 2243 bona
1204 2179 1287 2244 ruis-

225 2297 370 2389 sionem,
392 2299 422 2362 si
441 2297 531 2362 iuris
547 2297 686 2364 effectus
710 2302 900 2382 spectetur,
921 2316 982 2363 sua
1000 2299 1034 2362 ui
1055 2316 1097 2364 ae
1115 2300 1287 2382 potestate

225 2418 354 2483 minime
380 2420 588 2501 consistere,
607 2417 681 2485 sed
704 2438 777 2486 cum
799 2421 874 2485 aliis
898 2422 1000 2486 rebus
1029 2421 1137 2506 iisque
1165 2415 1287 2487 futuris

154 2531 156 2535 ’
226 2542 260 2602 et
281 2538 420 2604 incertis
441 2539 598 2632 coniungi
615 2544 716 2626 atque
739 2540 817 2606 inde
839 2560 1038 2625 suspensum
1054 2543 1180 2624 teneri,
1208 2542 1287 2628 quid

225 2660 355 2742 mirum,
390 2658 602 2744 Praetorem,
634 2660 690 2725 ubi
717 2662 853 2746 primum
882 2659 924 2726 dc
951 2661 1048 2727 bonis
1072 2662 1213 2747 alicuine
1243 2672 1287 2730 ex

225 2776 347 2844 Edicto
368 2777 581 2862 possidendis
602 2779 780 2869 adiretur,
799 2780 841 2847 de
863 2783 936 2847 iure
955 2783 1152 2867 imperfecto
1175 2787 1227 2867 et,
1248 2787 1286 2849 ut

225 2892 279 2964 ita¹
296 2898 413 2985 dicam,
439 2896 570 2981 ἐμβρόῳ
592 2920 700 2989 neque
722 2905 924 2989 cognouisse
944 2922 1054 2990 neque
1069 2899 1286 2972 decreuisse?

224 3019 301 3085 Non
334 3024 421 3087 enim
451 3023 531 3121 iliud
557 3023 731 3093 Praetoris
762 3027 833 3106 est,
867 3023 909 3092 de
935 3027 1038 3092 uariis
1059 3028 1161 3093 rebus
1187 3027 1286 3112 facti,

194 3119 198 3124 ,
226 3163 269 3208 ex
298 3143 417 3228 quibus
446 3147 633 3212 coniunctis
664 3146 715 3211 ius
742 3145 876 3232 aliquod
910 3150 1078 3230 nascitur,
1105 3151 1285 3233 separatim

226 3282 433 3353 cognoscere
455 3269 490 3331 et
507 3265 706 3356 decernere,
729 3287 844 3334 uerum
864 3266 906 3337 de
923 3271 994 3334 iure
1016 3270 1107 3354 ipso,
1130 3276 1285 3355 compre·
1402 3359 1403 3363 Ἰ

226 3385 342 3452 irensis
357 3387 606 3473 quibuscunque
625 3390 726 3455 rebus
745 3391 909 3456 consistat
927 3408 967 3456 ae
989 3394 1213 3476 comparatum
1231 3395 1286 3479 sit,

226 3527 268 3572 ex
293 3509 428 3596 integra
450 3508 669 3594 absolutaque
691 3512 884 3598 cognitione
906 3513 1065 3577 statuere.

288 3627 363 3711 Qua
380 3630 512 3707 ratione
533 3629 692 3709 Praetor,
713 3632 777 3697 nisi
798 3650 919 3721 magna
935 3635 1037 3716 atque
1054 3635 1143 3701 iusta
1164 3648 1286 3703 caussa

225 3739 417 3834 accederet,
450 3738 589 3836 propter
609 3752 730 3835 ¹futura
754 3754 812 3819 illa
834 3755 868 3818 et
889 3755 1018 3820 incerta
1044 3757 1142 3821 etiam
1174 3757 1216 3824 de
1243 3760 1285 3824 iis

226 3869 400 3938 differebat
431 3892 660 3963 cognoscere,
689 3865 779 3960 'quae
805 3878 989 3967 praeterita
1017 3876 1148 3962 quidem
1170 3885 1285 3947 essent
1388 3873 1391 3880 ’

225 3994 283 4055 aut
300 3995 491 4076 praesentia
509 3986 635 4076 [ueluti
660 3995 791 4063 debitor
812 4015 856 4063 an
876 3999 1044 4086 latitaret,
1065 4018 1110 4066 an
1131 4002 1285 4085 abesset,

260 4288 289 4347 a)
306 4287 374 4339 Vide
392 4301 473 4351 supra
490 4287 518 4350 §-
537 4290 563 4342 3.
584 4307 610 4355 p.
630 4295 673 4344 72.
818 4296 862 4360 11)
882 4297 958 4346 laid:
972 4312 997 4360 p.
1018 4297 1060 4347 rt.
1081 4297 1124 4347 76.
1145 4312 1220 4362 seqq.

211 4401 214 4407 ·
262 4376 306 4434 10)
325 4376 404 4428 Geni.
425 4377 488 4428 ibid.
510 4392 535 4440 p.
555 4379 599 4429 75.
