3352 5276
193 514 231 593 s.
248 502 286 573 7.
314 499 383 576 Ακλ
402 497 465 587 θ’.
485 499 674 574 absentem
690 503 797 605 reete
814 494 1024 596 defenth
1039 518 1165 570 neerw.
1196 495 1254 558 121

196 691 358 774 oeeurrlt,
378 692 444 756 tam
466 689 557 755 nulla
579 705 687 773 neque
710 686 897 789 uariatione
917 662 1025 772 neone
1040 683 1258 769 dubitatione,
1277 693 1426 792 [gfff-¹33

195 815 263 879 tam
285 810 453 898 prouerbii
475 810 598 895 simile,
623 828 663 877 eo
686 807 828 895 denique
850 808 938 873 amni
959 807 1075 875 habitu
1096 809 1131 872 et
1153 824 1262 886 aspa,
1277 808 1425 850 laeua...

196 937 268 1017 otu,
289 935 326 998 ut
346 934 402 998 uel
423 934 604 1018 propterea
624 931 827 998 uetustatem
846 926 1089 1019 ‘quodammodo
1103 927 1259 997 redolere

196 1026 354 1122 uideatur*
361 1046 408 1134 ¹⁷).

257 1173 388 1242 Deinde
416 1178 503 1240 unus
530 1175 650 1241 saltem
676 1173 771 1240 loeus
796 1170 886 1257 apud
908 1171 1104 1239 Ciceronem
1124 1171 1259 1236 inueni-

196 1299 252 1362 tur
261 1288 317 1381 18),
348 1315 478 1382 exque
501 1296 585 1364 satis
605 1295 822 1383 intelligitur,
859 1312 902 1359 ne
930 1310 971 1359 ea
992 1292 1122 1378 quidem
1145 1294 1259 1359 aetate

195 1402 316 1484 nouum
337 1417 458 1502 fuisse,
482 1405 750 1504 procuratorem,
773 1416 829 1501 qui
851 1415 1023 1481 absentem
1049 1412 1261 1497 defenderet,

195 1538 374 1617 iudicatum
396 1540 482 1604 solui
504 1537 681 1606 satisdare.
714 1538 736 1601 J

259 1698 383 1764 Verum
415 1695 494 1784 quid
520 1699 642 1764 attinet
668 1697 753 1762 ioris
780 1698 978 1783 conquirere
1007 1713 1144 1781 quorum
1174 1692 1262 1759 domi

196 1820 327 1902 copiam
348 1810 541 1897 habueris?¹
564 1817 644 1908 Age
666 1819 779 1903 potius
799 1807 986 1901 rideamne,
1015 1812 1158 1901 quidex
1180 1833 1262 1880 ora-

197 1941 290 2006 tione
311 1958 373 2025 pro
395 1936 551 2022 Quinctio
573 1941 714 2005 notitiae
735 1939 864 2033 affluat.

259 2097 375 2195 Atque
397 2101 435 2164 ut
455 2117 478 2165 a
498 2099 681 2167 leuioribus
702 2096 746 2165 ad
760 2100 831 2186 ea,
863 2116 948 2183 quae
976 2097 1136 2187 grauiora
1163 2097 1262 2182 sunt,

196 2220 393 2307 procedam,
429 2222 538 2307 quiuis
566 2221 666 2289 facile
691 2218 982 2287 animaduersuros
1003 2220 1070 2309 est,
1105 2219 1141 2282 ln
1162 2236 1192 2284 a.
1214 2214 1262 2302 8.,

195 2344 269 2428 ubi,
303 2343 381 2431 quid
401 2345 490 2409 inter
511 2343 672 2410 Naeuium
694 2360 734 2409 ao
757 2338 946 2424 Quinotium
968 2359 987 2405 e
1010 2339 1121 2408 Gallia
1141 2328 1262 2404 reuer-

196 2485 267 2531 sum
300 2483 412 2532 eoram
440 2452 618 2533 Dolabella
651 2463 814 2530 Praebere
846 2464 958 2529 aetum
990 2462 1053 2545 sit,
1089 2462 1261 2542 narratur,

233 2756 281 2824 17)
299 2724 455 2823 Videsupra
466 2759 628 2823 rotamap.
638 2758 710 2809 115.

232 2848 277 2913 18)
301 2851 331 2899 r'n
360 2847 466 2899 Verrem
491 2848 536 2909 II,
562 2848 606 2897 ab.
632 2853 699 2899 extr.

200 2937 446 2997 «AdeuutBidini3
465 2940 559 3000 petunt
568 2936 702 2987 heredita·

199 3040 214 3073 o
222 3030 290 3086 tem;
302 3025 651 3090 procuratorespostulant.
661 3061 667 3075 .
677 3058 700 3075 ..

199 3114 386 3164 olusimulant
411 3113 584 3178 (aduersarii)
615 3115 702 3165 bomi-

200 3199 701 3268 nnem(Epicratem)sraudandicaus·

132 3352 135 3355 Ι
201 3305 254 3341 osa
281 3291 454 3341 discessisse:
486 3291 640 3355 postulant,
672 3296 702 3341 ut

200 3380 294 3430 «bona
322 3380 461 3443 possidere
485 3380 578 3430 iubeat
601 3378 651 3441 (al.
671 3380 702 3429 a·-

199 3474 301 3525 oeeat).
320 3459 442 3521 Debeb'at
462 3468 599 3546 Epicrates
624 3482 702 3518 num·
722 3478 724 3483 ·

199 3570 298 3607 «mum
311 3556 420 3606 nullum
433 3556 552 3606 neminis
573 3555 664 3617 amici,
678 3557 702 3606 si

200 3646 282 3710 aquis
301 3646 367 3709 quid
384 3649 502 3708 peteret,
529 3644 659 3694 tentarem
675 3658 703 3695 aa

201 3714 363 3795 «passuros,
391 3733 543 3783 tadinatem
565 3730 636 3782 rotat
658 3746 702 3781 sa·

199 3821 368 3872 ‹tttsdetaror
384 3835 437 3872 aare
449 3821 604 3872 dicebant.»
616 3848 644 3858 -
658 3822 703 3874 Nil

199 3909 283 3960 refert
308 3915 415 3970 nostra,
447 3911 481 3961 de
504 3911 630 3961 lectionis
655 3925 704 3961 ua-

199 3998 294 4048 rietate
322 3998 464 4049 disserere.
522 3999 615 4051 Obiter
644 4005 702 4050 tan-

200 4092 258 4136 tum
280 4085 385 4145 dicam,
418 4091 445 4136 et
468 4086 585 4150 lampat
610 4088 702 4140 lectio·

200 4187 264 4225 nem
286 4171 394 4236 (peterat
416 4175 445 4224 tn
463 4176 579 4239 tadteio,
598 4190 624 4228 ae
638 4190 703 4239 par·

200 4258 303 4323 saroa),
329 4274 383 4324 qua
402 4275 436 4312 ne
457 4261 515 4325 ipse
533 4265 643 4326 quidem
662 4268 703 4316 ni·

201 4351 286 4400 mium
310 4349 439 4401 delectari
461 4350 582 4414 uidetur,
611 4354 703 4418 displi-

758 2771 836 2819 eere,
857 2770 948 2821 neque
963 2768 1094 2820 umquam
1114 2753 1261 2816 Klotrtam,

758 2847 887 2927 quicquid
904 2859 1018 2910 operum
1027 2850 1127 2909 »postea
1139 2844 1263 2894 emitten-

757 2936 855 2987 dorum
873 2934 984 2997 afferat,
1004 2935 1072 2985 milri
1085 2933 1262 2997 probaturum

757 3038 818 3075 esse
836 3025 909 3088 quod
926 3023 1010 3074 edidit
1033 3036 1064 3072 a.
1086 3057 1093 3072 .
1116 3054 1123 3068 .
1143 3024 1260 3085 peteret,

758 3114 880 3163 «indicto
899 3126 929 3163 aa
954 3125 1109 3177 passuros.»
1155 3109 1262 3173 Quippe

757 3202 900 3253 uerissime
925 3200 1064 3264 lampales
1092 3201 1126 3251 de
1149 3200 1201 3249 hae
1223 3198 1262 3247 le·
1371 3229 1375 3240 .

757 3291 847 3342 atione
857 3291 973 3341 iudicat:
988 3289 1126 3352 olntatttpt
1135 3287 1260 3350 nepote»,

757 3393 885 3444 uanaque
905 3383 969 3429 suut
986 3379 1096 3439 omnia,
1115 3389 1186 3441 quae
1199 3375 1263 3426 Kto-

756 3469 824 3518 tatas
843 3482 906 3518 eum
931 3468 966 3518 de
987 3466 1120 3539 sententia
1144 3470 1202 3516 tum
1228 3463 1263 3513 de
1304 3530 1307 3535 Ἰ

757 3557 869 3620 egregia
885 3556 1030 3606 Latinitate
1049 3555 1107 3606 eius
1125 3552 1262 3607 formulae

757 3646 855 3695 tadteto
870 3645 932 3706 pato*
950 3647 1120 3694 commentus
1141 3645 1191 3692 est.
1228 3639 1264 3691 at

758 3734 823 3798 quid
842 3734 877 3783 sit
893 3733 1023 3782 tadter'arn
1037 3733 1115 3793 peti,
1134 3729 1180 3780 uel
1198 3731 1262 3781 tiro-

757 3823 838 3873 nibus
865 3826 970 3875 notum.
995 3819 1074 3872 Gaul.
1098 3821 1129 3868 tn
1158 3818 1263 3869 Verrem

758 3911 815 3972 ΙΙΙ,
834 3910 879 3973 28.
894 3921 947 3973 pro
968 3907 1092 3973 Qainetto
1110 3922 1135 3958 o.
1152 3907 1196 3958 20.
1215 3905 1260 3957 28.

757 3999 901 4053 Praeterea
919 3998 950 4050 Ι..
969 3998 1013 4049 bd.
1035 4012 1076 4063 pr.
1103 3997 1143 4048 De
1167 4010 1262 4061 proau-

759 4089 903 4139 ratoribos.
923 4088 955 4137 Ι..
975 4088 1002 4138 3.
1021 4083 1051 4150 5.
1071 4087 1097 4138 ὅ.
1118 4086 1158 4135 Ita
1176 4085 1259 4134 alien.

759 4178 816 4228 iud.
842 4180 909 4227 mut.
933 4191 975 4241 ea.
1000 4176 1031 4226 1..
1053 4175 1094 4226 18.
1117 4172 1167 4237 55.
1186 4173 1213 4224 ΙΙ.
1232 4173 1259 4223 5.

759 4267 798 4317 De
816 4266 947 4317 castrensi
965 4264 1083 4330 peculio.
1103 4258 1259 4323 1..t.5.1.

759 4355 798 4407 De
811 4357 868 4407 reb.
880 4359 983 4408 auctor.
998 4353 1055 4405 iud.
1067 4365 1128 4417 p0.,
1147 4356 1199 4402 ete.
1210 4354 1260 4402 ete.
