3352 5276
444 423 505 486 160
573 420 668 524 Cup.
690 422 726 496 Ι.
780 418 840 496 De
859 424 944 496 iure
964 443 1125 496 colmane
1148 419 1413 508 Quinctianae.

299 623 383 663 soom
397 626 423 663 ⁸⁵
506 609 601 697 Quae
623 615 729 678 omnts
750 613 837 677 ratto
865 613 1051 700 gestueque
1078 613 1143 692 rei,
1176 629 1273 696 quam
1303 629 1499 697 repraesen-

283 681 363 788 2¹1¹?ssss
384 693 423 732 ψ’
442 736 529 817 taut,
551 737 662 822 imago
686 735 749 799 nlst
771 736 844 798 tota
866 752 918 798 me
941 733 1045 820 fallit,
1071 732 1343 821 haudquaquam,
1372 736 1500 818 oplnor,

442 860 509 922 tum
532 855 643 922 audax
667 856 839 944 negotium
863 855 944 941 fult,
973 873 1069 940 quum
1101 853 1230 920 'l'ulltus
1258 858 1374 920 noster
1401 855 1501 921 uideri

443 979 507 1045 slbi
528 978 678 1059 simulat,
701 975 789 1063 quod
811 976 1016 1042 Hortensius
1036 981 1181 1064 tteqouii
1196 978 1294 1042 totud
1314 995 1389 1044 esse
1410 978 1502 1042 ludt-

443 1104 535 1166 eium
555 1104 636 1186 pntt
657 1100 831 1165 tudiotoue
854 1098 1056 1187 defendere,
1079 1117 1182 1187 queem
1204 1098 1379 1165 utwtltom
1399 1119 1423 1163 u
1437 1103 1503 1164 trt-

443 1219 545 1287 luuts
576 1225 738 1308 petatur,
772 1220 924 1306 adeoque
957 1218 1179 1308 significauit,
1215 1238 1300 1305 quae
1333 1222 1501 1305 possesslo

443 1342 603 1407 bonorum
635 1362 677 1408 ex
707 1342 829 1408 Edloto
856 1340 1031 1409 Praetoris
1059 1345 1237 1428 lmpetruta
1258 1345 1359 1427 atque
1381 1340 1505 1428 adpre-

444 1462 549 1529 hensa
580 1466 686 1549 esset,
719 1482 790 1529 eam
820 1481 882 1548 per
910 1454 1160 1548 pnoouratorem
1189 1464 1278 1529 iusta
1309 1462 1505 1528 defensione

443 1585 556 1650 oblata
575 1584 763 1672 tudteloque
784 1586 833 1649 uti
856 1587 992 1669 oportet
1013 1591 1156 1670 accepto
1178 1587 1249 1650 lure
1270 1585 1388 1671 repelli
1406 1588 1505 1670 utque

442 1705 487 1772 ud
518 1707 645 1771 irritum
675 1709 808 1791 uocari;
845 1705 983 1771 eandem
999 1725 1094 1803 ¹uero
1124 1706 1273 1790 improbo
1302 1701 1506 1771 trtbunorum

442 1828 686 1915 appellatione,
708 1828 821 1915 iniqua
843 1828 978 1916 eolleglt
1000 1828 1251 1915 singulorumue
1265 1828 1507 1893 lntereessione

443 1948 594 2035 lmpetllrl
616 1955 651 2014 et
673 1949 828 2015 frustrari
848 1948 947 2034 focio
969 1947 1100 2034 quidem
1123 1966 1241 2034 posse,
1261 1947 1415 2014 infirmant
1431 1952 1507 2014 iure

387 2128 390 2133 .
445 2069 689 2158 lnualldamque
710 2070 805 2136 reddl
828 2089 895 2135 non
917 2089 1027 2155 posse.

509 2237 628 2323 Neque
649 2256 731 2302 uero
754 2256 795 2303 ea
810 2236 963 2304 delenslo
979 2240 1097 2304 stricte
1111 2242 1248 2305 rectane
1261 2239 1317 2302 uta
1331 2238 1375 2303 ad
1388 2237 1509 2305 Nae-ull

444 2377 597 2425 caussam
620 2358 792 2448 dlrigttur:
820 2379 896 2425 nam
916 2362 1069 2445 constat,
1090 2359 1364 2426 intercessionem
1386 2360 1510 2425 nullum

444 2484 628 2548 insecutam
650 2500 740 2553 esse,
769 2499 878 2566 neque
906 2499 1099 2567 quemquam
1128 2483 1334 2546 tulbunorum
1356 2486 1510 2565 eertum,
1628 2512 1629 2539 l

444 2602 532 2689 quod
546 2600 666 2670 Cicero
680 2607 792 2688 uocat,
819 2602 976 2669 auxlltum
992 2602 1120 2669 Alfeno
1135 2605 1318 2688 postulanti
1334 2604 1455 2669 tulisse
1463 2596 1512 2682 ³²).

400 2771 407 2783 “
507 2779 596 2862 Quid
618 2800 719 2870 ergo,
740 2782 868 2848 tulloiat
889 2782 1024 2867 altquls‚
1046 2783 1202 2868 attinuit,
1221 2785 1289 2849 tum
1312 2783 1452 2867 eoplose
1468 2781 1512 2846 tle

444 2903 650 2969 tribunorum
672 2903 799 2967 auxillo
822 2920 863 2968 ao
885 2901 927 2968 de
947 2903 1305 2988 Alfenlappellallone
1320 2893 1514 2969 disserere?

444 2998 566 3092 Nonne
587 3023 630 3088 ad
652 2996 882 3109 quaestlonem
904 3043 1006 3110 supra
1022 3027 1165 3111 positam
1177 3019 1230 3110 ⁸³),
1251 3025 1418 3127 itumqutd
1429 3029 1516 3109 post

446 3144 615 3211 Burrieni
638 3143 821 3211 Praetoria
842 3145 1020 3212 decretum
1041 3152 1124 3212 uout
1144 3148 1330 3236 occiderit,
1359 3166 1423 3235 queo
1449 3150 1513 3211 tu-

447 3271 543 3333 tustu
565 3264 688 3351 Alfeni
709 3266 864 3351 destinato
885 3271 981 3333 tusto
1004 3266 1222 3356 efficeretur,
1255 3270 1363 3332 satius
1388 3269 1514 3332 lulsset

447 3392 550 3456 uerbo
572 3408 638 3454 uuo
662 3407 812 3470 monere,
834 3388 992 3453 Alfenum
1014 3388 1166 3454 tribunos
1188 3388 1296 3474 piebis
1316 3389 1514 3475 appellasse

444 3661 478 3709 tis
496 3659 663 3711 uerecundia
682 3659 838 3720 imparium,
860 3659 948 3709 donea
1004 3665 1059 3718 est,
1080 3659 1152 3722 quot
1171 3658 1332 3709 Hortensius
1347 3658 1432 3709 lentur
1444 3673 1515 3709 cou-

444 3750 582 3810 cognitum
593 3748 947 3810 pronunciatumquosmet,
1004 3748 1123 3798 tendisse
1151 3744 1187 3809 (o.
1215 3732 1259 3798 20.
1285 3745 1383 3809 enm),
1414 3760 1515 3798 morse

444 3836 541 3886 solitus
559 3837 593 3886 stt
619 3836 752 3885 inhibere.
796 3835 873 3885 Unde
899 3834 946 3897 flt,
1004 3849 1059 3887 non
1078 3835 1172 3887 auxilli
1194 3849 1290 3886 caussa
1315 3835 1444 3885 Alfenum
1464 3836 1516 3886 tri-

444 3929 474 3975 nt
497 3925 580 3975 etlam
602 3925 703 3973 relecta
730 3937 746 3973 u
769 3924 884 3974 tribunis
909 3924 947 3987 pl.
1005 3925 1093 3975 bunos
1105 3924 1316 3989 appellassot-
1327 3925 1374 3975 Est
1385 3925 1514 3988 quidem,

443 4012 641 4078 appellatione,
661 4012 684 4062 si
697 4025 751 4061 non
765 4013 908 4073 nouitium,
921 4018 949 4063 ai
1005 4013 1032 4063 ld
1049 4027 1117 4064 uero
1135 4027 1191 4064 nou
1209 4013 1308 4064 solum·
1345 4013 1416 4075 Quid
1431 4027 1516 4077 prue-

442 4114 522 4151 moru
544 4106 636 4151 tamen
661 4101 813 4164 praetorius
841 4101 949 4152 iurisdi·
1003 4100 1514 4166 tereusueritinterlussppsroloii.-

443 4190 557 4252 ettonis,
589 4186 690 4253 (nequo
715 4202 747 4240 es
765 4187 852 4240 fermo
872 4203 948 4253 pero·
1038 4188 1084 4252 ³2)
1104 4190 1169 4239 Vide
1184 4203 1265 4253 supra
1278 4205 1304 4252 p.
1319 4190 1379 4240 126.
1394 4195 1450 4241 noi·
1462 4189 1514 4241 28.

443 4276 535 4342 ulgus)
554 4279 720 4343 acquiratur.
744 4303 778 4314 -
806 4278 876 4341 Ergo
896 4279 947 4328 hoe
1037 4274 1083 4342 33)
1102 4278 1240 4341 Respieite
1259 4292 1286 4343 p.
1307 4278 1367 4330 139.
