3420 5280
388 524 439 568 xn

388 672 566 761 excitem,
595 691 790 769 eorumque
818 669 1022 764 beneficio,
1050 697 1120 771 qua
1141 681 1225 748 sunt
1245 674 1398 750 solertia
1422 685 1458 750 et

386 828 629 921 humanitate,
673 831 816 930 optimis
848 830 1014 906 consiliis
1041 839 1168 908 auctus
1196 843 1457 933 recreatusquo

386 987 434 1063 ad
459 991 641 1090 inceptum
668 987 915 1090 peragendum
942 988 1135 1066 accedam:
1163 990 1334 1085 alteram,
1362 995 1455 1067 insi-

385 1169 492 1247 gnem
519 1169 600 1223 mea
625 1146 769 1247 quidem
795 1152 976 1224 sententia
998 1152 1243 1225 commentarii
1266 1150 1456 1227 utilitatem

383 1315 491 1406 atque
527 1315 791 1397 ornamentum,
836 1316 875 1381 ut
911 1330 1002 1407 qnae
1041 1306 1296 1410 disputationis
1334 1314 1455 1411 magis

384 1489 487 1565 quam
519 1463 774 1541 admonitionis
805 1474 907 1558 sunt,
954 1464 1193 1543 Semestrium
1220 1467 1325 1545 bisce
1351 1468 1456 1544 libris

385 1623 708 1726 comprehendam,
736 1631 868 1727 postea
891 1647 981 1700 uero
1013 1627 1288 1701 commentarius
1318 1650 1456 1729 perpe·

383 1789 466 1856 tuus
502 1782 639 1859 laboris
674 1783 828 1860 fructum
858 1787 978 1885 potius
1016 1809 1118 1884 quam
1148 1787 1266 1888 ipsum
1291 1784 1455 1862 laborem

384 1940 580 2034 exhibeat,
625 1941 792 2043 adeoque
820 1942 1022 2035 efficiatur,
1066 1950 1105 2018 ut
1131 1946 1283 2047 copiose
1310 1944 1455 2044 quidem

383 2123 428 2177 ac
453 2099 658 2178 luculenter
685 2100 863 2179 Auctoris
896 2111 1092 2179 contextus
1120 2102 1344 2196 illustretur,
1382 2127 1454 2180 nec

383 2265 526 2352 tamen,
562 2259 661 2359 quod
686 2259 785 2335 haud
809 2284 894 2336 raro
921 2260 1095 2338 accidere
1121 2262 1312 2355 uidemus,
1352 2287 1454 2339 com·

383 2420 547 2492 montarii
584 2421 692 2521 copia
736 2418 907 2495 obruatur
949 2423 1101 2522 eiusque
1140 2425 1244 2522 quasi
1286 2422 1455 2498 fluctibus

383 2576 644 2677 submergatur.

459 2809 659 2885 Enimuero
684 2811 861 2886 hactenus
888 2810 1114 2905 Semestria,
1142 2838 1291 2914 quorum
1317 2817 1453 2915 primus
1571 2840 1573 2847 ’

382 2993 476 3045 nunc
501 2968 564 3046 hic
589 2967 711 3070 prodit
736 2967 909 3062 libellus,
936 2970 1079 3046 futurae
1104 2993 1208 3045 meae
1236 2972 1455 3070 quarundam

383 3125 594 3205 Orationum
620 3126 785 3202 Editioni
812 3131 1033 3219 inseruient,
1061 3132 1212 3230 eiusque
1229 3153 1452 3232 praeparan-

383 3287 455 3362 dae
486 3310 634 3362 munere
668 3287 875 3385 frmgentur.
945 3285 1028 3364 Sed
1057 3313 1130 3362 non
1156 3286 1196 3362 id
1221 3287 1339 3365 solum
1365 3291 1452 3363 mihi

382 3449 571 3549 proposui,
591 3454 694 3546 quum
714 3445 919 3524 Semestria
931 3444 1095 3523 scribere
1110 3449 1294 3522 constitui.
1334 3447 1454 3523 Enixa

382 3604 520 3682 curabo
547 3630 640 3706 quos
667 3604 831 3680 editurus
859 3630 937 3680 sum
969 3602 1164 3682 Ciceronis
1198 3605 1339 3700 libros,
1382 3630 1453 3684 nec

381 3773 500 3840 tamen
534 3765 720 3865 negligam
759 3789 849 3865 quos
876 3789 950 3841 non
973 3791 1051 3840 sum
1076 3765 1251 3842 editurus.
1310 3766 1369 3840 De
1394 3767 1451 3838 his

382 3946 525 4024 quoque
556 3923 718 4000 omnibus
749 3923 859 3999 multa
890 3931 1147 4001 commentatus
1177 3949 1326 4000 sumac
1357 3948 1450 4025 quo-

382 4081 472 4158 tidie
493 4088 723 4159 commentor.
776 4083 848 4159 Ubi
872 4110 975 4184 quum
998 4084 1158 4159 fortasse
1176 4086 1350 4160 inuenero
1378 4083 1450 4158 ali-

382 4241 493 4341 quid,
537 4241 635 4317 haud
670 4241 853 4341 indignum
892 4242 988 4343 quod
1011 4245 1048 4316 in
1083 4242 1264 4344 publicum
1304 4243 1450 4344 profer·

1701 3990 1705 4081 l
